2012.03.14 10:00:00.334,1.60313,1.60346,1.50,1.43
2012.03.14 10:00:00.402,1.60308,1.60346,1.50,1.43
2012.03.14 10:00:00.827,1.60303,1.60345,2.93,1.43
2012.03.14 10:00:01.526,1.60309,1.60345,1.50,1.43
2012.03.14 10:00:02.413,1.60309,1.6034,1.50,1.43
2012.03.14 10:00:02.484,1.60303,1.6034,1.50,1.43
2012.03.14 10:00:02.553,1.60303,1.60334,1.50,1.43
2012.03.14 10:00:02.743,1.60303,1.60343,2.25,1.43
2012.03.14 10:00:02.875,1.60303,1.6035,1.50,1.43
2012.03.14 10:00:03.291,1.60303,1.6035,2.25,1.43
2012.03.14 10:00:03.373,1.60316,1.60354,1.50,1.43
2012.03.14 10:00:03.708,1.60316,1.60356,1.50,1.43
2012.03.14 10:00:04.070,1.60316,1.60358,2.93,1.43
2012.03.14 10:00:04.424,1.60316,1.60353,1.50,1.43
2012.03.14 10:00:04.707,1.6031,1.60353,1.43,1.43
2012.03.14 10:00:05.181,1.60308,1.6035,1.43,1.43
2012.03.14 10:00:05.526,1.60322,1.6036,1.50,1.50
2012.03.14 10:00:05.864,1.60325,1.60363,1.50,1.43
2012.03.14 10:00:06.417,1.6032,1.60356,1.50,1.43
2012.03.14 10:00:07.510,1.60323,1.60367,1.43,1.43
2012.03.14 10:00:08.251,1.60324,1.60367,1.50,1.43
2012.03.14 10:00:09.213,1.60323,1.60367,1.43,1.43
2012.03.14 10:00:09.466,1.60329,1.60369,1.43,1.50
2012.03.14 10:00:09.976,1.6033,1.60369,1.43,1.50
2012.03.14 10:00:10.051,1.60331,1.60374,1.43,1.43
2012.03.14 10:00:10.126,1.60333,1.60377,1.43,1.43
2012.03.14 10:00:10.273,1.60335,1.60377,1.43,1.43
2012.03.14 10:00:10.829,1.60333,1.60378,1.43,1.50
2012.03.14 10:00:10.900,1.60335,1.6038,1.50,1.43
2012.03.14 10:00:11.215,1.60329,1.60371,1.43,1.43
2012.03.14 10:00:11.727,1.60325,1.60368,1.43,2.93
2012.03.14 10:00:12.400,1.60326,1.60369,1.43,1.43
2012.03.14 10:00:12.475,1.60327,1.60371,1.43,1.43
2012.03.14 10:00:13.163,1.60328,1.60372,2.93,1.43
2012.03.14 10:00:13.237,1.60328,1.6037,2.93,1.43
2012.03.14 10:00:15.204,1.60329,1.60371,1.43,1.43
2012.03.14 10:00:15.774,1.60328,1.60371,1.50,1.43
2012.03.14 10:00:16.094,1.60326,1.60367,1.43,1.43
2012.03.14 10:00:16.160,1.60323,1.60367,2.93,1.43
2012.03.14 10:00:16.826,1.60328,1.60365,1.50,1.43
2012.03.14 10:00:17.671,1.6033,1.60367,1.50,1.43
2012.03.14 10:00:18.038,1.60332,1.60366,1.50,1.43
2012.03.14 10:00:18.106,1.6034,1.60382,1.43,2.93
2012.03.14 10:00:18.241,1.60342,1.60373,1.50,1.43
2012.03.14 10:00:18.316,1.60338,1.60373,1.50,1.43
2012.03.14 10:00:18.383,1.60331,1.60373,1.50,1.43
2012.03.14 10:00:19.053,1.6033,1.60373,1.43,1.43
2012.03.14 10:00:19.132,1.60326,1.60365,1.50,1.43
2012.03.14 10:00:19.265,1.60324,1.60365,1.50,1.43
2012.03.14 10:00:19.773,1.60329,1.60365,1.50,1.43
2012.03.14 10:00:20.809,1.60329,1.60366,1.50,1.43
2012.03.14 10:00:23.731,1.6033,1.60372,1.43,1.43
2012.03.14 10:00:23.804,1.60334,1.60372,1.50,1.43
2012.03.14 10:00:24.295,1.60337,1.60368,1.50,1.43
2012.03.14 10:00:25.047,1.60334,1.60368,2.25,1.43
2012.03.14 10:00:25.774,1.60334,1.60368,2.25,1.43
2012.03.14 10:00:26.988,1.60338,1.60373,2.25,1.43
2012.03.14 10:00:27.592,1.60338,1.60373,1.50,1.43
2012.03.14 10:00:27.858,1.60338,1.6037,1.50,1.43
2012.03.14 10:00:28.553,1.60333,1.6037,2.25,1.43
2012.03.14 10:00:28.725,1.60333,1.60372,2.25,1.43
2012.03.14 10:00:29.171,1.60333,1.60372,2.25,1.43
2012.03.14 10:00:30.242,1.60333,1.60372,2.25,1.43
2012.03.14 10:00:30.789,1.60337,1.60371,1.50,1.43
2012.03.14 10:00:31.090,1.60342,1.60371,1.50,1.43
2012.03.14 10:00:31.722,1.6034,1.60372,1.50,1.43
2012.03.14 10:00:31.852,1.60338,1.60376,1.50,1.43
2012.03.14 10:00:34.946,1.60335,1.60376,2.25,1.43
2012.03.14 10:00:35.015,1.60335,1.60367,1.50,1.43
2012.03.14 10:00:36.023,1.6033,1.60364,1.50,1.43
2012.03.14 10:00:36.100,1.60328,1.60364,1.50,1.43
2012.03.14 10:00:37.556,1.60331,1.60364,1.50,1.43
2012.03.14 10:00:38.570,1.60333,1.60365,1.50,1.43
2012.03.14 10:00:38.902,1.60333,1.60365,2.25,1.43
2012.03.14 10:00:39.453,1.60333,1.60366,2.25,1.43
2012.03.14 10:00:42.091,1.60333,1.60366,1.50,1.43
2012.03.14 10:00:42.569,1.60331,1.60366,1.50,1.43
2012.03.14 10:00:42.641,1.60328,1.60366,1.50,1.43
2012.03.14 10:00:48.541,1.60331,1.60366,1.50,1.43
2012.03.14 10:00:48.859,1.60334,1.60367,1.50,1.43
2012.03.14 10:00:49.072,1.60334,1.6037,1.50,1.43
2012.03.14 10:00:49.202,1.60334,1.60373,1.50,1.43
2012.03.14 10:00:51.118,1.60339,1.60373,1.50,1.43
2012.03.14 10:00:51.186,1.60339,1.60375,1.50,1.43
2012.03.14 10:00:52.495,1.60339,1.60376,1.50,1.43
2012.03.14 10:00:54.220,1.60339,1.60378,1.50,1.43
2012.03.14 10:00:55.044,1.60343,1.60378,1.50,1.43
2012.03.14 10:00:56.903,1.60343,1.60377,1.50,1.43
2012.03.14 10:01:06.203,1.60343,1.60376,1.50,1.43
2012.03.14 10:01:09.343,1.60344,1.60386,1.43,1.43
2012.03.14 10:01:13.311,1.60346,1.60388,1.43,1.43
2012.03.14 10:01:14.094,1.60345,1.60387,1.43,1.43
2012.03.14 10:01:14.779,1.60345,1.60389,1.43,1.43
2012.03.14 10:01:18.343,1.60347,1.60389,1.50,1.43
2012.03.14 10:01:19.101,1.60352,1.60389,1.50,1.43
2012.03.14 10:01:23.321,1.60348,1.60389,1.43,1.43
2012.03.14 10:01:24.645,1.60351,1.60389,1.50,1.43
2012.03.14 10:01:25.261,1.60348,1.60389,2.93,1.43
2012.03.14 10:01:25.880,1.60347,1.6039,2.18,1.43
2012.03.14 10:01:26.170,1.60352,1.6039,1.50,1.43
2012.03.14 10:01:26.721,1.6035,1.6039,1.50,1.43
2012.03.14 10:01:26.792,1.60347,1.6039,2.18,1.43
2012.03.14 10:01:26.921,1.60351,1.60393,1.43,1.43
2012.03.14 10:01:27.230,1.60353,1.60394,1.43,2.18
2012.03.14 10:01:28.633,1.60352,1.60393,1.50,1.43
2012.03.14 10:01:29.182,1.60354,1.60392,1.50,1.43
2012.03.14 10:01:30.779,1.60354,1.60394,1.50,2.18
2012.03.14 10:01:31.841,1.6036,1.60394,1.50,2.18
2012.03.14 10:01:35.833,1.6036,1.60395,1.50,1.43
2012.03.14 10:01:36.540,1.6036,1.60388,1.50,1.43
2012.03.14 10:01:36.625,1.60355,1.60397,1.43,2.18
2012.03.14 10:01:36.919,1.60358,1.60397,1.50,2.18
2012.03.14 10:01:37.575,1.6036,1.60397,1.50,2.18
2012.03.14 10:01:39.328,1.60363,1.60402,1.50,2.18
2012.03.14 10:01:39.409,1.60363,1.60403,1.50,2.18
2012.03.14 10:01:39.476,1.60363,1.60403,1.50,2.18
2012.03.14 10:01:39.604,1.60366,1.60408,1.43,3.68
2012.03.14 10:01:39.680,1.60358,1.60401,1.43,2.18
2012.03.14 10:01:40.958,1.60357,1.60399,1.43,2.18
2012.03.14 10:01:41.343,1.60358,1.60401,1.43,2.18
2012.03.14 10:01:42.664,1.60359,1.60401,1.50,2.18
2012.03.14 10:01:42.854,1.60362,1.60404,1.43,2.18
2012.03.14 10:01:43.810,1.60364,1.60406,1.50,2.18
2012.03.14 10:02:01.620,1.60363,1.60406,1.43,2.18
2012.03.14 10:02:02.772,1.60363,1.60406,2.93,2.18
2012.03.14 10:02:05.310,1.60366,1.6041,1.43,2.18
2012.03.14 10:02:05.452,1.60354,1.60397,1.11,2.25
2012.03.14 10:02:05.924,1.60356,1.60397,1.43,2.25
2012.03.14 10:02:05.993,1.60352,1.60391,1.26,2.18
2012.03.14 10:02:06.063,1.60349,1.60391,1.50,2.18
2012.03.14 10:02:06.256,1.60347,1.60389,1.43,2.25
2012.03.14 10:02:06.322,1.60339,1.60386,2.33,2.18
2012.03.14 10:02:06.392,1.60339,1.60386,1.95,2.18
2012.03.14 10:02:07.702,1.60334,1.60383,2.93,1.50
2012.03.14 10:02:08.161,1.60354,1.60385,1.43,1.50
2012.03.14 10:02:08.413,1.6036,1.60403,1.43,2.25
2012.03.14 10:02:08.618,1.60358,1.60396,1.50,1.43
2012.03.14 10:02:08.685,1.60354,1.60396,1.43,1.43
2012.03.14 10:02:10.925,1.60354,1.60396,1.43,2.18
2012.03.14 10:02:11.112,1.60351,1.60393,1.43,1.43
2012.03.14 10:02:11.662,1.6035,1.60394,1.43,2.18
2012.03.14 10:02:12.712,1.60356,1.60396,1.43,1.50
2012.03.14 10:02:12.947,1.60356,1.60398,1.43,1.50
2012.03.14 10:02:13.018,1.60356,1.604,1.43,1.43
2012.03.14 10:02:13.186,1.60358,1.60401,1.43,1.43
2012.03.14 10:02:13.492,1.60358,1.60401,2.93,2.18
2012.03.14 10:02:14.889,1.60358,1.60401,2.93,1.43
2012.03.14 10:02:14.954,1.60358,1.60401,2.93,2.18
2012.03.14 10:02:15.394,1.60359,1.604,1.43,1.43
2012.03.14 10:02:15.511,1.60359,1.604,1.43,2.18
2012.03.14 10:02:18.210,1.60359,1.604,1.43,1.43
2012.03.14 10:02:28.842,1.60359,1.60402,1.43,1.43
2012.03.14 10:02:32.743,1.60359,1.60401,1.43,1.50
2012.03.14 10:02:32.816,1.60363,1.60401,1.43,1.50
2012.03.14 10:02:32.885,1.60363,1.60406,1.43,3.68
2012.03.14 10:02:33.343,1.6036,1.60404,1.43,1.43
2012.03.14 10:02:33.593,1.60365,1.60406,1.43,2.25
2012.03.14 10:02:34.627,1.60366,1.6041,1.43,2.18
2012.03.14 10:02:35.977,1.60365,1.60409,1.43,2.18
2012.03.14 10:02:36.733,1.60365,1.60409,1.43,2.18
2012.03.14 10:02:36.825,1.60365,1.60409,1.43,2.18
2012.03.14 10:02:36.895,1.60367,1.60409,1.43,2.18
2012.03.14 10:02:36.969,1.60364,1.60407,1.43,2.18
2012.03.14 10:02:37.193,1.60366,1.6041,1.43,3.68
2012.03.14 10:02:37.743,1.60368,1.6041,1.43,3.68
2012.03.14 10:02:38.149,1.60371,1.6041,1.43,2.25
2012.03.14 10:02:42.843,1.60371,1.60415,1.43,4.28
2012.03.14 10:02:43.293,1.60368,1.60406,1.50,1.43
2012.03.14 10:02:43.625,1.60374,1.60411,1.50,2.18
2012.03.14 10:02:44.141,1.60379,1.60416,1.50,2.18
2012.03.14 10:02:44.273,1.60379,1.60406,1.50,1.43
2012.03.14 10:02:44.404,1.60379,1.60406,1.50,2.18
2012.03.14 10:02:44.731,1.60372,1.60406,1.50,2.18
2012.03.14 10:02:45.178,1.60372,1.60406,1.50,1.43
2012.03.14 10:02:45.683,1.60372,1.60406,1.50,2.18
2012.03.14 10:02:53.235,1.60372,1.60405,1.50,1.43
2012.03.14 10:02:53.426,1.60382,1.60424,1.43,2.18
2012.03.14 10:02:54.455,1.60376,1.60415,1.50,2.18
2012.03.14 10:02:54.584,1.60376,1.60414,1.50,2.18
2012.03.14 10:02:55.174,1.60371,1.60414,1.50,2.18
2012.03.14 10:02:55.691,1.60372,1.60416,1.43,2.18
2012.03.14 10:02:56.455,1.60372,1.60416,1.43,2.18
2012.03.14 10:02:57.141,1.60378,1.60421,1.43,2.25
2012.03.14 10:02:57.453,1.60376,1.60417,1.43,2.18
2012.03.14 10:02:57.862,1.60378,1.6042,1.43,2.18
2012.03.14 10:02:57.939,1.60378,1.6042,1.43,2.18
2012.03.14 10:02:58.354,1.60378,1.6042,1.43,3.68
2012.03.14 10:02:58.427,1.60375,1.60418,1.43,2.18
2012.03.14 10:02:58.553,1.60375,1.60418,1.43,2.18
2012.03.14 10:02:59.939,1.60376,1.60418,1.50,2.18
2012.03.14 10:03:00.954,1.60375,1.60418,1.43,2.18
2012.03.14 10:03:01.954,1.60375,1.60418,1.43,2.18
2012.03.14 10:03:02.084,1.60378,1.60422,1.43,2.18
2012.03.14 10:03:04.444,1.6038,1.60422,1.50,2.18
2012.03.14 10:03:06.037,1.60378,1.60422,2.93,2.18
2012.03.14 10:03:06.221,1.60378,1.60422,1.43,1.43
2012.03.14 10:03:06.293,1.60378,1.60422,1.43,2.18
2012.03.14 10:03:06.604,1.60383,1.60424,1.43,2.25
2012.03.14 10:03:07.947,1.60389,1.6043,1.43,2.25
2012.03.14 10:03:08.132,1.60387,1.60425,1.50,2.18
2012.03.14 10:03:08.203,1.6039,1.60433,1.43,2.18
2012.03.14 10:03:08.275,1.6039,1.60433,1.43,2.18
2012.03.14 10:03:08.344,1.60388,1.60433,1.43,2.18
2012.03.14 10:03:08.444,1.6039,1.60434,1.43,2.18
2012.03.14 10:03:10.153,1.60388,1.60428,1.50,2.18
2012.03.14 10:03:10.227,1.60386,1.60428,2.93,2.18
2012.03.14 10:03:10.443,1.60388,1.60428,1.50,2.18
2012.03.14 10:03:15.321,1.60392,1.60435,1.43,2.18
2012.03.14 10:03:15.697,1.60393,1.60436,1.43,2.78
2012.03.14 10:03:16.205,1.60393,1.60436,1.43,2.78
2012.03.14 10:03:18.072,1.60394,1.60438,1.43,2.25
2012.03.14 10:03:18.381,1.60392,1.60437,1.43,2.18
2012.03.14 10:03:18.785,1.60394,1.60436,1.43,2.18
2012.03.14 10:03:19.451,1.60394,1.60436,1.43,2.18
2012.03.14 10:03:19.528,1.60394,1.60436,1.43,2.18
2012.03.14 10:03:19.602,1.60394,1.60436,1.43,2.18
2012.03.14 10:03:20.155,1.60394,1.60436,1.43,2.18
2012.03.14 10:03:20.594,1.60397,1.60438,1.43,3.68
2012.03.14 10:03:22.513,1.60388,1.6043,1.43,2.18
2012.03.14 10:03:22.647,1.6039,1.60433,1.43,2.18
2012.03.14 10:03:23.011,1.60388,1.60432,1.43,2.18
2012.03.14 10:03:23.581,1.60391,1.60432,1.43,2.18
2012.03.14 10:03:23.651,1.60388,1.60431,1.50,2.18
2012.03.14 10:03:24.763,1.60387,1.60431,1.43,2.18
2012.03.14 10:03:25.382,1.60386,1.60431,1.65,2.18
2012.03.14 10:03:26.952,1.60386,1.60428,1.65,2.18
2012.03.14 10:03:27.083,1.60384,1.60426,1.50,2.18
2012.03.14 10:03:27.630,1.60377,1.60411,1.50,1.43
2012.03.14 10:03:27.826,1.6037,1.60412,1.43,1.43
2012.03.14 10:03:29.353,1.60375,1.60412,1.50,1.43
2012.03.14 10:03:29.433,1.60371,1.60411,1.50,1.43
2012.03.14 10:03:29.509,1.60364,1.60409,1.43,1.43
2012.03.14 10:03:29.645,1.60368,1.60409,1.50,1.43
2012.03.14 10:03:29.712,1.60371,1.60413,1.43,2.25
2012.03.14 10:03:29.784,1.60371,1.6042,1.43,1.50
2012.03.14 10:03:29.854,1.60381,1.60423,1.50,2.18
2012.03.14 10:03:30.186,1.60385,1.60406,1.50,1.43
2012.03.14 10:03:30.252,1.60385,1.60424,1.50,2.18
2012.03.14 10:03:30.978,1.60386,1.60434,2.25,1.50
2012.03.14 10:03:31.063,1.60393,1.60441,1.50,1.50
2012.03.14 10:03:31.380,1.60388,1.60437,1.50,3.68
2012.03.14 10:03:31.737,1.60388,1.60437,1.50,3.68
2012.03.14 10:03:31.860,1.60386,1.60431,1.50,2.25
2012.03.14 10:03:31.950,1.60386,1.60431,1.50,1.50
2012.03.14 10:03:32.034,1.60384,1.60431,1.43,1.50
2012.03.14 10:03:32.542,1.60384,1.60431,1.43,2.25
2012.03.14 10:03:33.069,1.60383,1.60431,1.50,3.68
2012.03.14 10:03:35.323,1.60383,1.60431,1.50,2.25
2012.03.14 10:03:35.393,1.60383,1.60431,1.50,1.50
2012.03.14 10:03:35.791,1.60392,1.60431,1.43,1.50
2012.03.14 10:03:35.868,1.60391,1.60437,1.43,2.25
2012.03.14 10:03:36.511,1.6039,1.60437,1.43,2.25
2012.03.14 10:03:37.001,1.60392,1.60437,1.43,2.25
2012.03.14 10:03:37.401,1.60394,1.60441,1.43,2.25
2012.03.14 10:03:37.471,1.60394,1.60441,1.43,2.25
2012.03.14 10:03:37.955,1.60398,1.60444,1.50,2.25
2012.03.14 10:03:38.282,1.60402,1.60448,1.43,2.25
2012.03.14 10:03:39.586,1.60399,1.60448,1.43,2.25
2012.03.14 10:03:40.141,1.60398,1.60443,1.43,2.25
2012.03.14 10:03:41.236,1.60397,1.60443,1.43,2.25
2012.03.14 10:03:41.303,1.60397,1.60438,1.43,2.25
2012.03.14 10:03:41.378,1.60395,1.60438,1.43,2.25
2012.03.14 10:03:42.152,1.60391,1.60438,1.43,2.25
2012.03.14 10:03:44.974,1.60392,1.60438,1.43,2.25
2012.03.14 10:03:45.044,1.60395,1.60438,1.43,2.25
2012.03.14 10:03:45.235,1.60404,1.60439,1.43,2.25
2012.03.14 10:03:45.485,1.60393,1.60439,1.11,2.18
2012.03.14 10:03:45.554,1.60397,1.60439,1.50,2.18
2012.03.14 10:03:46.002,1.60397,1.60439,1.50,2.18
2012.03.14 10:03:46.094,1.60378,1.60426,1.50,2.18
2012.03.14 10:03:46.158,1.60383,1.60426,1.50,2.18
2012.03.14 10:03:46.513,1.60389,1.6043,1.50,2.18
2012.03.14 10:03:55.197,1.60387,1.60425,1.50,2.18
2012.03.14 10:03:55.572,1.60384,1.60425,1.50,2.18
2012.03.14 10:03:55.989,1.60384,1.6042,1.50,1.43
2012.03.14 10:03:56.210,1.60382,1.6042,1.50,1.43
2012.03.14 10:03:56.286,1.6038,1.6042,1.50,1.43
2012.03.14 10:03:56.352,1.6038,1.60416,1.50,1.43
2012.03.14 10:03:56.681,1.60374,1.60416,1.50,2.18
2012.03.14 10:03:56.874,1.60374,1.60416,1.50,1.43
2012.03.14 10:03:57.999,1.60374,1.60416,1.50,2.18
2012.03.14 10:03:58.341,1.60374,1.6041,1.50,1.43
2012.03.14 10:03:58.474,1.60374,1.60412,1.50,1.43
2012.03.14 10:04:00.004,1.60374,1.60424,1.50,3.68
2012.03.14 10:04:00.465,1.60377,1.60424,1.50,3.68
2012.03.14 10:04:00.763,1.60384,1.60425,1.50,2.18
2012.03.14 10:04:02.132,1.60384,1.6042,1.50,1.43
2012.03.14 10:04:03.361,1.6038,1.6042,1.50,1.43
2012.03.14 10:04:03.489,1.6038,1.60418,1.50,1.43
2012.03.14 10:04:04.233,1.6038,1.60419,1.50,1.43
2012.03.14 10:04:05.351,1.6038,1.60425,1.50,2.18
2012.03.14 10:04:05.480,1.60383,1.60425,1.50,2.18
2012.03.14 10:04:07.754,1.60374,1.60419,1.50,1.43
2012.03.14 10:04:08.177,1.60378,1.60419,1.50,1.43
2012.03.14 10:04:08.588,1.60378,1.60417,1.50,1.43
2012.03.14 10:04:08.654,1.60378,1.6042,1.50,1.43
2012.03.14 10:04:09.042,1.60385,1.6042,1.50,1.43
2012.03.14 10:04:10.061,1.60385,1.60423,1.50,2.18
2012.03.14 10:04:11.502,1.60385,1.60422,1.50,1.43
2012.03.14 10:04:11.725,1.60385,1.6042,1.50,1.43
2012.03.14 10:04:12.510,1.60383,1.60419,1.50,1.43
2012.03.14 10:04:12.599,1.6038,1.60419,1.50,1.43
2012.03.14 10:04:13.164,1.6038,1.60422,1.50,1.43
2012.03.14 10:04:13.416,1.60385,1.60422,1.50,1.43
2012.03.14 10:04:14.442,1.60385,1.60421,1.50,1.43
2012.03.14 10:04:15.708,1.60385,1.60422,1.50,1.43
2012.03.14 10:04:16.443,1.6039,1.60422,1.50,1.43
2012.03.14 10:04:17.381,1.60384,1.60422,1.50,1.43
2012.03.14 10:04:18.084,1.60384,1.6042,1.50,1.43
2012.03.14 10:04:18.413,1.60384,1.60422,1.50,1.43
2012.03.14 10:04:24.513,1.60388,1.60422,1.50,1.43
2012.03.14 10:04:24.825,1.6039,1.60425,1.50,1.43
2012.03.14 10:04:27.192,1.60393,1.60425,1.50,1.43
2012.03.14 10:04:28.004,1.60394,1.60425,1.50,1.43
2012.03.14 10:04:29.030,1.60394,1.60425,1.50,2.18
2012.03.14 10:04:30.122,1.60394,1.60425,1.50,1.43
2012.03.14 10:04:33.046,1.60394,1.60428,1.50,1.43
2012.03.14 10:04:35.599,1.60394,1.60423,1.50,2.18
2012.03.14 10:04:35.664,1.60389,1.60424,1.50,1.43
2012.03.14 10:04:36.876,1.60389,1.60424,1.50,2.18
2012.03.14 10:04:37.232,1.60385,1.60424,1.50,2.18
2012.03.14 10:04:37.901,1.60385,1.60422,1.50,1.43
2012.03.14 10:04:37.972,1.6038,1.60422,1.50,1.43
2012.03.14 10:04:40.266,1.6038,1.60431,1.50,1.50
2012.03.14 10:04:40.396,1.60388,1.60431,1.43,1.50
2012.03.14 10:04:40.769,1.60386,1.60429,1.50,1.43
2012.03.14 10:04:41.102,1.60393,1.60437,2.93,1.43
2012.03.14 10:04:41.426,1.60395,1.60437,1.50,1.43
2012.03.14 10:04:41.742,1.60395,1.60437,1.50,2.18
2012.03.14 10:04:41.816,1.60395,1.60437,1.50,1.43
2012.03.14 10:04:41.882,1.60395,1.60433,1.50,1.43
2012.03.14 10:04:42.254,1.60393,1.60433,1.50,1.43
2012.03.14 10:04:42.627,1.60393,1.60436,1.50,1.43
2012.03.14 10:04:43.124,1.60392,1.60436,1.43,1.43
2012.03.14 10:04:43.194,1.60392,1.60436,1.43,2.18
2012.03.14 10:04:43.464,1.6039,1.60433,1.43,2.18
2012.03.14 10:04:44.059,1.60391,1.60434,1.43,3.68
2012.03.14 10:04:45.984,1.60391,1.60434,1.43,1.43
2012.03.14 10:04:46.815,1.60398,1.6044,1.43,1.50
2012.03.14 10:04:47.007,1.60398,1.60442,1.43,1.43
2012.03.14 10:04:47.528,1.60405,1.60446,1.50,2.18
2012.03.14 10:04:47.773,1.60402,1.60446,1.43,2.18
2012.03.14 10:04:47.965,1.60404,1.60442,1.50,1.50
2012.03.14 10:04:48.331,1.60403,1.60447,1.43,3.68
2012.03.14 10:04:48.440,1.60403,1.60447,1.43,2.93
2012.03.14 10:04:48.707,1.60403,1.60447,1.43,3.68
2012.03.14 10:04:49.249,1.60403,1.60447,1.43,2.93
2012.03.14 10:04:49.693,1.60403,1.60447,1.43,3.68
2012.03.14 10:04:49.764,1.60403,1.60447,1.43,2.93
2012.03.14 10:04:50.408,1.60403,1.60447,1.43,2.18
2012.03.14 10:04:50.986,1.60403,1.60447,1.43,1.43
2012.03.14 10:04:51.445,1.60403,1.60447,1.43,2.18
2012.03.14 10:04:51.763,1.60403,1.60445,1.43,1.43
2012.03.14 10:04:52.643,1.60403,1.60445,1.43,2.18
2012.03.14 10:04:52.802,1.60403,1.60445,1.43,1.43
2012.03.14 10:04:54.454,1.60405,1.60447,1.43,1.43
2012.03.14 10:04:55.291,1.60408,1.60449,1.43,1.43
2012.03.14 10:04:55.615,1.60419,1.60456,1.43,2.02
2012.03.14 10:04:56.221,1.60413,1.60449,1.43,1.50
2012.03.14 10:04:56.307,1.60413,1.60444,1.43,2.25
2012.03.14 10:04:56.457,1.60408,1.60444,1.43,2.25
2012.03.14 10:04:56.585,1.60403,1.60444,1.50,2.25
2012.03.14 10:04:56.656,1.60403,1.6044,1.50,1.50
2012.03.14 10:04:56.730,1.60393,1.6044,2.33,1.50
2012.03.14 10:04:57.056,1.60395,1.60442,1.95,1.50
2012.03.14 10:04:57.808,1.60395,1.60443,1.95,1.50
2012.03.14 10:04:57.875,1.60393,1.60438,2.33,1.50
2012.03.14 10:04:58.892,1.60393,1.60442,2.33,1.50
2012.03.14 10:05:00.959,1.60393,1.60442,2.33,1.50
2012.03.14 10:05:02.213,1.60394,1.60443,2.33,1.50
2012.03.14 10:05:02.587,1.60399,1.60445,1.50,2.18
2012.03.14 10:05:06.554,1.60399,1.60442,1.50,1.50
2012.03.14 10:05:06.776,1.60391,1.60437,1.50,1.50
2012.03.14 10:05:06.844,1.60391,1.60442,1.50,2.93
2012.03.14 10:05:07.151,1.60399,1.60441,1.50,1.43
2012.03.14 10:05:07.462,1.6041,1.60444,1.50,2.93
2012.03.14 10:05:07.778,1.60408,1.60442,1.50,1.43
2012.03.14 10:05:07.860,1.60405,1.60442,1.50,1.43
2012.03.14 10:05:10.222,1.6041,1.60452,1.43,1.43
2012.03.14 10:05:10.408,1.60409,1.60448,1.50,1.43
2012.03.14 10:05:11.119,1.60404,1.60449,2.10,1.43
2012.03.14 10:05:11.873,1.6041,1.60449,1.50,1.43
2012.03.14 10:05:12.002,1.60405,1.60449,2.10,1.43
2012.03.14 10:05:13.334,1.6041,1.6045,1.50,1.43
2012.03.14 10:05:13.641,1.60407,1.60448,2.25,1.43
2012.03.14 10:05:13.715,1.60407,1.60454,2.25,1.50
2012.03.14 10:05:13.786,1.60409,1.60455,1.50,2.18
2012.03.14 10:05:13.853,1.60409,1.60455,1.50,1.43
2012.03.14 10:05:14.104,1.60407,1.60454,1.43,2.25
2012.03.14 10:05:14.942,1.60408,1.60457,1.50,3.45
2012.03.14 10:05:16.022,1.60406,1.60452,1.65,1.50
2012.03.14 10:05:16.508,1.60409,1.60452,1.43,1.50
2012.03.14 10:05:16.588,1.60409,1.60456,1.43,1.27
2012.03.14 10:05:16.839,1.60412,1.60457,1.43,1.27
2012.03.14 10:05:17.538,1.60412,1.60456,1.43,1.27
2012.03.14 10:05:18.324,1.60413,1.60456,1.50,1.27
2012.03.14 10:05:18.960,1.60413,1.60456,1.50,2.02
2012.03.14 10:05:19.652,1.60411,1.60455,1.50,2.25
2012.03.14 10:05:19.920,1.60405,1.60455,1.73,2.25
2012.03.14 10:05:20.649,1.60405,1.60455,1.50,2.25
2012.03.14 10:05:22.485,1.60405,1.60455,1.50,2.25
2012.03.14 10:05:22.833,1.60401,1.6045,1.50,2.25
2012.03.14 10:05:22.904,1.60401,1.60448,1.50,1.43
2012.03.14 10:05:23.032,1.60407,1.60448,1.50,1.43
2012.03.14 10:05:23.388,1.60407,1.60446,1.50,1.43
2012.03.14 10:05:27.247,1.60402,1.60446,1.50,1.43
2012.03.14 10:05:29.482,1.60402,1.6044,1.50,1.43
2012.03.14 10:05:30.371,1.60402,1.60439,1.50,1.43
2012.03.14 10:05:31.121,1.60402,1.6044,1.50,1.43
2012.03.14 10:05:39.189,1.60402,1.60443,1.50,1.43
2012.03.14 10:05:40.349,1.60405,1.60443,1.50,1.43
2012.03.14 10:05:40.694,1.60403,1.60445,1.50,1.43
2012.03.14 10:05:40.881,1.60396,1.60445,2.25,1.43
2012.03.14 10:05:41.014,1.60396,1.60445,1.50,2.18
2012.03.14 10:05:41.352,1.60394,1.60428,1.50,1.43
2012.03.14 10:05:41.592,1.60389,1.60428,1.50,1.43
2012.03.14 10:05:42.068,1.60389,1.6043,1.50,1.43
2012.03.14 10:05:42.185,1.60399,1.60439,1.43,1.50
2012.03.14 10:05:42.383,1.60401,1.60443,1.50,2.18
2012.03.14 10:05:42.583,1.60404,1.60448,1.43,1.43
2012.03.14 10:05:43.552,1.60408,1.60449,1.43,1.43
2012.03.14 10:05:44.732,1.60408,1.60449,1.43,2.18
2012.03.14 10:05:45.190,1.60408,1.60453,1.43,2.93
2012.03.14 10:05:45.266,1.60418,1.60453,1.43,1.50
2012.03.14 10:05:45.768,1.60418,1.60456,1.43,2.02
2012.03.14 10:05:46.112,1.60397,1.60442,1.50,1.50
2012.03.14 10:05:46.258,1.6039,1.6044,1.73,1.50
2012.03.14 10:05:46.562,1.60395,1.60442,1.50,1.50
2012.03.14 10:05:46.631,1.60395,1.60445,1.50,2.25
2012.03.14 10:05:46.765,1.60393,1.60439,1.50,2.25
2012.03.14 10:05:46.892,1.60389,1.60437,1.50,2.18
2012.03.14 10:05:47.404,1.60389,1.60433,1.50,1.50
2012.03.14 10:05:47.483,1.60391,1.60439,2.25,1.50
2012.03.14 10:05:47.741,1.60396,1.60441,2.25,1.43
2012.03.14 10:05:47.869,1.60396,1.60443,2.25,1.43
2012.03.14 10:05:48.072,1.60394,1.6044,2.25,1.50
2012.03.14 10:05:48.199,1.60395,1.60445,2.25,1.50
2012.03.14 10:05:48.491,1.60395,1.60444,1.50,1.35
2012.03.14 10:05:49.068,1.60394,1.60436,1.50,1.50
2012.03.14 10:05:49.409,1.60402,1.60444,1.43,2.18
2012.03.14 10:05:50.013,1.60403,1.60445,1.43,2.18
2012.03.14 10:05:50.080,1.60401,1.60445,1.43,2.18
2012.03.14 10:05:50.472,1.60405,1.60445,1.50,1.43
2012.03.14 10:05:50.599,1.6041,1.60455,1.43,2.18
2012.03.14 10:05:51.037,1.60403,1.60445,3.38,1.43
2012.03.14 10:05:51.301,1.60404,1.60444,1.20,1.50
2012.03.14 10:05:52.293,1.60404,1.60444,1.65,1.50
2012.03.14 10:05:52.842,1.604,1.60443,2.03,1.43
2012.03.14 10:05:53.368,1.60398,1.60442,2.03,1.43
2012.03.14 10:05:54.541,1.60401,1.60443,1.43,1.43
2012.03.14 10:05:54.791,1.60396,1.60439,2.78,1.43
2012.03.14 10:05:55.349,1.604,1.60443,1.35,1.43
2012.03.14 10:05:55.426,1.60399,1.60443,2.03,1.43
2012.03.14 10:05:55.499,1.60396,1.60439,2.78,1.43
2012.03.14 10:05:55.701,1.60399,1.60441,2.03,1.43
2012.03.14 10:05:56.199,1.60398,1.60439,1.43,1.43
2012.03.14 10:05:56.663,1.60396,1.60439,2.18,1.43
2012.03.14 10:05:56.978,1.60401,1.60447,2.18,1.50
2012.03.14 10:05:57.483,1.60406,1.60453,2.25,1.43
2012.03.14 10:05:58.004,1.60406,1.60454,2.25,1.50
2012.03.14 10:05:59.947,1.60406,1.60453,2.25,1.43
2012.03.14 10:06:00.059,1.60401,1.60449,2.25,1.43
2012.03.14 10:06:00.336,1.604,1.60441,1.50,1.43
2012.03.14 10:06:00.651,1.60403,1.60444,1.43,1.43
2012.03.14 10:06:00.842,1.60405,1.60448,2.25,1.43
2012.03.14 10:06:00.970,1.60405,1.60445,1.50,1.43
2012.03.14 10:06:01.541,1.60405,1.60444,1.50,1.43
2012.03.14 10:06:01.848,1.60416,1.60456,1.50,2.02
2012.03.14 10:06:02.239,1.60414,1.60457,1.50,2.02
2012.03.14 10:06:02.310,1.60411,1.60457,1.50,2.02
2012.03.14 10:06:02.382,1.60411,1.60446,1.50,1.43
2012.03.14 10:06:02.822,1.60411,1.60449,1.50,1.43
2012.03.14 10:06:03.781,1.60411,1.60447,1.50,1.43
2012.03.14 10:06:03.854,1.60411,1.60453,1.50,1.43
2012.03.14 10:06:05.588,1.60411,1.60448,1.50,1.43
2012.03.14 10:06:05.662,1.60405,1.60447,1.50,1.43
2012.03.14 10:06:05.727,1.60405,1.60447,2.25,1.43
2012.03.14 10:06:07.547,1.6041,1.60449,1.50,1.43
2012.03.14 10:06:07.966,1.60416,1.60449,1.50,1.43
2012.03.14 10:06:09.078,1.60416,1.6045,1.50,1.43
2012.03.14 10:06:09.501,1.60416,1.60448,1.50,1.43
2012.03.14 10:06:09.840,1.60416,1.60457,1.50,1.27
2012.03.14 10:06:09.976,1.60417,1.60453,2.25,1.43
2012.03.14 10:06:10.661,1.60417,1.60446,1.50,1.43
2012.03.14 10:06:10.733,1.60416,1.60453,1.50,1.43
2012.03.14 10:06:10.872,1.60411,1.60453,1.50,1.43
2012.03.14 10:06:11.002,1.60411,1.60447,1.50,1.43
2012.03.14 10:06:11.075,1.60406,1.60452,1.50,1.43
2012.03.14 10:06:11.202,1.60406,1.60446,2.25,1.43
2012.03.14 10:06:11.466,1.60406,1.60451,2.25,1.43
2012.03.14 10:06:12.199,1.60408,1.60452,1.50,1.43
2012.03.14 10:06:12.274,1.6041,1.60452,1.50,1.43
2012.03.14 10:06:13.229,1.6041,1.6045,1.50,1.43
2012.03.14 10:06:13.709,1.6041,1.60445,1.50,1.43
2012.03.14 10:06:13.961,1.60405,1.60444,1.50,1.43
2012.03.14 10:06:14.548,1.60405,1.60444,2.25,1.43
2012.03.14 10:06:14.881,1.60405,1.60444,2.25,1.43
2012.03.14 10:06:15.013,1.60405,1.60448,2.25,1.43
2012.03.14 10:06:15.142,1.60412,1.60448,1.50,1.43
2012.03.14 10:06:15.212,1.60412,1.60448,2.10,1.43
2012.03.14 10:06:15.283,1.60425,1.60456,2.18,1.27
2012.03.14 10:06:15.471,1.6043,1.60457,1.50,1.27
2012.03.14 10:06:15.780,1.60427,1.60457,1.43,1.27
2012.03.14 10:06:16.293,1.60426,1.60456,1.50,1.27
2012.03.14 10:06:16.843,1.60426,1.60457,1.50,1.27
2012.03.14 10:06:17.086,1.60429,1.60457,1.43,1.27
2012.03.14 10:06:17.221,1.60427,1.60457,1.43,1.27
2012.03.14 10:06:18.084,1.60429,1.60456,1.43,1.27
2012.03.14 10:06:18.598,1.60428,1.60457,1.43,1.27
2012.03.14 10:06:18.942,1.60431,1.60457,1.50,1.27
2012.03.14 10:06:19.481,1.60431,1.60456,1.50,1.27
2012.03.14 10:06:20.164,1.60429,1.60456,2.93,1.27
2012.03.14 10:06:20.532,1.60431,1.60456,1.43,1.27
2012.03.14 10:06:21.110,1.60433,1.60456,1.43,1.27
2012.03.14 10:06:21.421,1.6043,1.60456,1.43,1.27
2012.03.14 10:06:21.984,1.6043,1.60457,1.43,1.27
2012.03.14 10:06:22.169,1.60435,1.60457,1.43,1.27
2012.03.14 10:06:22.685,1.60435,1.60456,1.43,1.27
2012.03.14 10:06:22.992,1.60437,1.60456,1.43,1.27
2012.03.14 10:06:23.574,1.60441,1.60456,1.43,1.27
2012.03.14 10:06:23.654,1.60429,1.60456,1.43,1.27
2012.03.14 10:06:23.968,1.60427,1.60457,1.65,1.27
2012.03.14 10:06:24.999,1.60425,1.60457,3.58,1.27
2012.03.14 10:06:26.612,1.60425,1.60457,3.38,1.27
2012.03.14 10:06:27.235,1.60425,1.60456,3.38,1.27
2012.03.14 10:06:27.300,1.60425,1.60456,2.93,1.27
2012.03.14 10:06:28.028,1.60425,1.60457,1.50,1.27
2012.03.14 10:06:28.491,1.60406,1.60453,1.50,2.18
2012.03.14 10:06:29.010,1.60407,1.60452,1.50,1.43
2012.03.14 10:06:29.262,1.60412,1.60453,1.50,1.43
2012.03.14 10:06:31.026,1.60406,1.6045,2.25,1.43
2012.03.14 10:06:34.113,1.60406,1.60446,2.25,1.43
2012.03.14 10:06:34.472,1.60406,1.60443,2.25,1.43
2012.03.14 10:06:34.857,1.60406,1.60445,2.25,1.43
2012.03.14 10:06:36.168,1.60406,1.60444,2.25,1.43
2012.03.14 10:06:37.813,1.60407,1.60445,1.50,1.43
2012.03.14 10:06:37.880,1.60409,1.6045,1.50,1.43
2012.03.14 10:06:38.314,1.60409,1.60454,2.25,1.43
2012.03.14 10:06:38.962,1.6042,1.60456,1.50,2.70
2012.03.14 10:06:41.618,1.60417,1.60456,2.25,2.70
2012.03.14 10:06:41.747,1.60413,1.60456,1.50,2.70
2012.03.14 10:06:43.274,1.60413,1.60456,1.50,3.45
2012.03.14 10:06:43.400,1.60408,1.60454,1.50,2.18
2012.03.14 10:06:43.951,1.60412,1.60454,1.50,2.18
2012.03.14 10:06:46.180,1.60412,1.60456,1.50,2.70
2012.03.14 10:06:46.424,1.60418,1.60457,1.50,2.70
2012.03.14 10:06:46.981,1.60416,1.60457,1.50,2.70
2012.03.14 10:06:47.049,1.60412,1.60457,1.50,2.70
2012.03.14 10:06:48.471,1.60412,1.60452,2.25,1.43
2012.03.14 10:06:48.538,1.60412,1.60452,1.50,1.43
2012.03.14 10:06:50.091,1.60412,1.60447,1.50,1.43
2012.03.14 10:06:50.439,1.60412,1.60443,1.50,1.43
2012.03.14 10:06:50.513,1.60405,1.60443,2.25,1.43
2012.03.14 10:06:51.150,1.60397,1.60444,2.25,1.43
2012.03.14 10:06:51.507,1.60398,1.60451,2.18,1.43
2012.03.14 10:06:51.702,1.60396,1.60439,2.25,1.43
2012.03.14 10:06:52.095,1.60405,1.60445,2.25,1.43
2012.03.14 10:06:52.167,1.60405,1.60442,2.25,1.43
2012.03.14 10:06:52.611,1.60403,1.60444,2.25,1.43
2012.03.14 10:06:52.741,1.60403,1.60446,2.25,1.43
2012.03.14 10:06:53.224,1.60409,1.60447,1.50,1.43
2012.03.14 10:06:54.490,1.60409,1.60447,2.25,1.43
2012.03.14 10:06:54.626,1.60409,1.60453,1.50,1.43
2012.03.14 10:06:54.751,1.60411,1.60453,1.50,1.43
2012.03.14 10:06:55.067,1.60411,1.60446,1.50,1.43
2012.03.14 10:06:56.348,1.60411,1.60447,1.50,1.43
2012.03.14 10:06:56.691,1.60411,1.60453,1.50,1.43
2012.03.14 10:06:57.282,1.60411,1.60447,1.50,1.43
2012.03.14 10:06:59.520,1.60411,1.60453,2.25,1.43
2012.03.14 10:06:59.761,1.60411,1.60456,2.25,2.70
2012.03.14 10:06:59.883,1.60411,1.60456,1.50,2.70
2012.03.14 10:07:01.281,1.60411,1.60457,1.50,2.70
2012.03.14 10:07:01.352,1.60411,1.60446,1.50,1.43
2012.03.14 10:07:01.425,1.60411,1.60455,1.50,1.43
2012.03.14 10:07:01.490,1.60405,1.60455,2.25,2.93
2012.03.14 10:07:01.679,1.60405,1.60451,1.50,1.43
2012.03.14 10:07:02.013,1.60405,1.60453,1.50,1.43
2012.03.14 10:07:02.419,1.60405,1.60455,2.25,1.50
2012.03.14 10:07:02.727,1.60412,1.60456,1.50,1.43
2012.03.14 10:07:09.221,1.60412,1.60454,1.50,1.43
2012.03.14 10:07:10.450,1.60407,1.60448,1.50,1.43
2012.03.14 10:07:10.771,1.60407,1.60443,1.50,1.43
2012.03.14 10:07:10.899,1.60406,1.60445,2.25,1.43
2012.03.14 10:07:11.161,1.60409,1.60445,1.50,1.43
2012.03.14 10:07:11.679,1.60409,1.60446,1.50,1.43
2012.03.14 10:07:12.218,1.60406,1.60446,2.25,1.43
2012.03.14 10:07:12.305,1.60398,1.6043,1.50,1.43
2012.03.14 10:07:12.431,1.60398,1.60448,1.50,3.38
2012.03.14 10:07:12.503,1.60398,1.60448,2.25,3.38
2012.03.14 10:07:12.572,1.60403,1.60448,1.50,3.38
2012.03.14 10:07:12.641,1.60403,1.60448,1.50,2.93
2012.03.14 10:07:12.722,1.60403,1.60448,2.25,2.93
2012.03.14 10:07:13.137,1.60411,1.6045,1.50,1.43
2012.03.14 10:07:13.283,1.60408,1.6045,1.50,1.43
2012.03.14 10:07:13.351,1.60406,1.6045,2.25,1.43
2012.03.14 10:07:15.910,1.60406,1.60449,2.25,1.43
2012.03.14 10:07:16.040,1.60411,1.60454,1.50,1.43
2012.03.14 10:07:16.371,1.60411,1.60449,1.50,1.43
2012.03.14 10:07:16.722,1.60409,1.60449,1.50,1.43
2012.03.14 10:07:17.267,1.60409,1.60452,1.50,1.43
2012.03.14 10:07:17.340,1.60415,1.60452,1.50,1.43
2012.03.14 10:07:17.648,1.60417,1.60453,1.50,1.43
2012.03.14 10:07:18.003,1.60419,1.60452,1.50,1.43
2012.03.14 10:07:18.068,1.60414,1.60452,1.50,1.43
2012.03.14 10:07:19.077,1.60411,1.60452,2.10,1.43
2012.03.14 10:07:20.008,1.60411,1.60453,3.53,1.43
2012.03.14 10:07:20.749,1.60411,1.60453,4.28,1.43
2012.03.14 10:07:24.249,1.60416,1.60453,2.25,1.43
2012.03.14 10:07:24.718,1.60421,1.60453,1.50,1.43
2012.03.14 10:07:24.788,1.60421,1.60455,1.50,1.43
2012.03.14 10:07:25.342,1.60421,1.60457,1.50,1.27
2012.03.14 10:07:25.733,1.60421,1.60457,2.25,1.27
2012.03.14 10:07:26.289,1.60428,1.60457,2.25,1.27
2012.03.14 10:07:26.614,1.60433,1.60456,1.50,1.27
2012.03.14 10:07:26.867,1.60433,1.60456,2.25,1.27
2012.03.14 10:07:27.191,1.60443,1.60456,1.50,1.23
2012.03.14 10:07:27.876,1.60445,1.60456,1.50,1.23
2012.03.14 10:07:27.948,1.60441,1.60456,1.50,1.23
2012.03.14 10:07:28.546,1.60441,1.60457,1.50,1.23
2012.03.14 10:07:29.231,1.60441,1.60456,1.50,1.23
2012.03.14 10:07:29.751,1.60441,1.60457,1.50,1.23
2012.03.14 10:07:30.520,1.60441,1.60456,1.50,1.23
2012.03.14 10:07:30.771,1.60445,1.60457,1.50,1.23
2012.03.14 10:07:32.241,1.6044,1.60457,1.50,1.23
2012.03.14 10:07:33.686,1.60435,1.60457,2.25,1.23
2012.03.14 10:07:34.222,1.60435,1.60456,1.50,1.23
2012.03.14 10:07:34.291,1.60435,1.60456,2.25,1.23
2012.03.14 10:07:34.782,1.60435,1.60456,1.50,1.23
2012.03.14 10:07:35.316,1.60435,1.60456,2.25,1.23
2012.03.14 10:07:35.880,1.60435,1.60457,2.25,1.23
2012.03.14 10:07:36.562,1.6044,1.60457,1.50,1.23
2012.03.14 10:07:41.087,1.6044,1.60456,1.50,1.23
2012.03.14 10:07:41.642,1.6044,1.60457,1.50,1.23
2012.03.14 10:07:42.416,1.6044,1.60456,1.50,1.23
2012.03.14 10:07:43.289,1.6044,1.60457,1.50,1.23
2012.03.14 10:07:44.119,1.60444,1.60456,1.50,1.23
2012.03.14 10:07:44.729,1.60444,1.60457,1.50,1.23
2012.03.14 10:07:45.261,1.60444,1.60456,1.50,1.23
2012.03.14 10:07:45.766,1.60444,1.60456,2.25,1.23
2012.03.14 10:07:46.284,1.60447,1.60456,1.50,1.23
2012.03.14 10:07:46.604,1.6045,1.60466,1.50,3.14
2012.03.14 10:07:48.020,1.6045,1.60467,1.50,1.71
2012.03.14 10:07:48.089,1.60446,1.60467,1.50,1.71
2012.03.14 10:07:48.630,1.60446,1.60466,1.50,2.20
2012.03.14 10:07:49.227,1.60444,1.60466,1.50,2.20
2012.03.14 10:07:49.303,1.60441,1.60466,1.50,2.20
2012.03.14 10:07:50.446,1.60436,1.60466,1.50,2.73
2012.03.14 10:07:50.690,1.60439,1.60466,1.50,2.73
2012.03.14 10:07:51.162,1.60441,1.60466,1.50,2.35
2012.03.14 10:07:52.281,1.60441,1.60467,1.50,2.13
2012.03.14 10:07:55.130,1.60436,1.60467,1.50,2.81
2012.03.14 10:07:56.231,1.60436,1.60466,1.50,2.05
2012.03.14 10:07:56.621,1.60433,1.60466,1.50,3.55
2012.03.14 10:07:56.688,1.60429,1.60466,1.50,3.55
2012.03.14 10:07:57.884,1.60424,1.60465,2.93,2.19
2012.03.14 10:07:58.716,1.60424,1.60465,2.93,2.19
2012.03.14 10:07:58.868,1.60424,1.60465,3.68,2.19
2012.03.14 10:07:59.660,1.60429,1.60465,1.50,2.19
2012.03.14 10:08:00.852,1.60429,1.60466,1.50,2.13
2012.03.14 10:08:01.233,1.60425,1.60466,1.50,2.13
2012.03.14 10:08:01.793,1.60425,1.60464,1.50,2.19
2012.03.14 10:08:02.358,1.60425,1.60464,2.25,2.19
2012.03.14 10:08:02.883,1.60425,1.60464,2.25,2.19
2012.03.14 10:08:03.696,1.60425,1.60466,1.50,2.19
2012.03.14 10:08:04.570,1.60429,1.60467,1.50,2.73
2012.03.14 10:08:04.817,1.60425,1.60467,1.50,2.73
2012.03.14 10:08:05.149,1.60428,1.60467,1.50,2.73
2012.03.14 10:08:05.285,1.60425,1.60467,1.50,2.73
2012.03.14 10:08:05.839,1.60429,1.60467,1.50,2.50
2012.03.14 10:08:07.674,1.60432,1.60467,1.50,2.73
2012.03.14 10:08:08.020,1.6044,1.60467,1.50,2.20
2012.03.14 10:08:09.043,1.6044,1.60466,1.50,1.82
2012.03.14 10:08:09.581,1.60435,1.60466,1.43,2.43
2012.03.14 10:08:09.657,1.60434,1.60466,2.25,2.50
2012.03.14 10:08:10.324,1.60429,1.60467,2.25,2.58
2012.03.14 10:08:10.633,1.60434,1.60467,2.25,1.75
2012.03.14 10:08:10.763,1.60434,1.60466,2.25,2.35
2012.03.14 10:08:10.830,1.60437,1.60466,1.35,2.35
2012.03.14 10:08:11.179,1.60443,1.60467,1.50,2.50
2012.03.14 10:08:11.520,1.60438,1.60467,2.10,2.50
2012.03.14 10:08:12.841,1.60437,1.60466,4.28,2.66
2012.03.14 10:08:13.154,1.60441,1.60467,2.25,1.75
2012.03.14 10:08:13.225,1.60443,1.60466,1.50,2.20
2012.03.14 10:08:13.354,1.6045,1.60467,1.43,1.94
2012.03.14 10:08:13.439,1.60447,1.60467,1.43,1.94
2012.03.14 10:08:13.825,1.6045,1.60466,1.43,1.11
2012.03.14 10:08:14.487,1.6045,1.60487,1.43,1.50
2012.03.14 10:08:15.043,1.60445,1.60486,2.18,1.43
2012.03.14 10:08:15.400,1.60445,1.60486,1.43,1.43
2012.03.14 10:08:15.940,1.6044,1.60481,1.65,2.93
2012.03.14 10:08:16.011,1.60438,1.6048,2.03,1.43
2012.03.14 10:08:16.589,1.6044,1.60481,1.43,2.93
2012.03.14 10:08:16.803,1.60437,1.60481,2.18,2.93
2012.03.14 10:08:16.995,1.60436,1.60478,2.18,1.43
2012.03.14 10:08:17.561,1.60438,1.6048,1.43,1.43
2012.03.14 10:08:18.295,1.60437,1.60479,1.43,1.43
2012.03.14 10:08:18.421,1.60434,1.60475,2.18,1.43
2012.03.14 10:08:18.774,1.6043,1.60472,1.88,1.50
2012.03.14 10:08:19.540,1.6043,1.60472,1.88,1.50
2012.03.14 10:08:21.498,1.6043,1.60472,1.88,1.50
2012.03.14 10:08:21.899,1.60431,1.60472,1.20,1.50
2012.03.14 10:08:22.098,1.6043,1.60472,1.88,1.50
2012.03.14 10:08:22.336,1.60431,1.60472,2.63,1.50
2012.03.14 10:08:23.762,1.60434,1.60477,2.18,2.93
2012.03.14 10:08:27.218,1.60435,1.60476,2.18,1.43
2012.03.14 10:08:30.563,1.60435,1.60476,1.43,1.43
2012.03.14 10:08:32.151,1.60428,1.60467,2.40,1.43
2012.03.14 10:08:32.328,1.60426,1.60467,1.35,1.43
2012.03.14 10:08:32.700,1.60426,1.60472,1.35,2.93
2012.03.14 10:08:32.950,1.60434,1.60477,2.18,2.93
2012.03.14 10:08:33.081,1.60434,1.60477,1.43,1.43
2012.03.14 10:08:33.619,1.60433,1.60476,2.18,1.43
2012.03.14 10:08:33.880,1.60435,1.60478,2.18,1.50
2012.03.14 10:08:37.831,1.60436,1.6048,2.18,1.43
2012.03.14 10:08:38.261,1.60436,1.60477,1.43,1.50
2012.03.14 10:08:38.330,1.60427,1.60474,1.50,1.43
2012.03.14 10:08:38.462,1.60426,1.6047,2.25,1.50
2012.03.14 10:08:42.238,1.60426,1.60474,2.25,1.50
2012.03.14 10:08:45.629,1.60426,1.60472,2.25,1.43
2012.03.14 10:08:46.456,1.60421,1.60469,3.98,1.50
2012.03.14 10:08:47.059,1.60421,1.60467,1.80,1.43
2012.03.14 10:08:47.265,1.60421,1.60462,2.55,1.43
2012.03.14 10:08:47.390,1.60421,1.60467,2.25,1.43
2012.03.14 10:08:47.524,1.60421,1.60462,2.25,1.43
2012.03.14 10:08:48.326,1.60431,1.60466,1.50,1.43
2012.03.14 10:08:48.399,1.60425,1.60466,2.25,1.43
2012.03.14 10:08:48.641,1.60425,1.60466,1.50,1.43
2012.03.14 10:08:48.786,1.60425,1.60464,1.50,1.43
2012.03.14 10:08:50.435,1.60425,1.60466,1.50,1.43
2012.03.14 10:08:51.198,1.60423,1.60466,1.43,1.43
2012.03.14 10:08:53.790,1.60419,1.60461,1.50,1.43
2012.03.14 10:08:53.862,1.6042,1.60464,1.43,1.43
2012.03.14 10:08:53.930,1.6042,1.60464,2.18,1.43
2012.03.14 10:08:56.692,1.60424,1.60465,2.25,1.43
2012.03.14 10:08:57.381,1.60424,1.60464,2.25,1.43
2012.03.14 10:08:58.228,1.60424,1.60465,2.25,1.43
2012.03.14 10:08:58.552,1.60424,1.60458,1.50,1.43
2012.03.14 10:08:58.623,1.60418,1.60458,1.50,1.43
2012.03.14 10:08:59.303,1.60418,1.60457,1.50,1.43
2012.03.14 10:08:59.373,1.60418,1.60457,2.25,1.43
2012.03.14 10:08:59.862,1.60413,1.60454,2.25,1.43
2012.03.14 10:08:59.930,1.60414,1.60458,2.18,1.43
2012.03.14 10:09:00.855,1.60419,1.60458,1.50,1.43
2012.03.14 10:09:03.456,1.60419,1.60458,2.25,1.43
2012.03.14 10:09:05.940,1.60419,1.60456,2.25,1.43
2012.03.14 10:09:06.190,1.60419,1.60456,1.50,1.43
2012.03.14 10:09:06.270,1.60419,1.60456,2.25,1.43
2012.03.14 10:09:10.578,1.60414,1.60458,3.68,1.43
2012.03.14 10:09:12.869,1.6042,1.60455,2.25,1.43
2012.03.14 10:09:16.728,1.6042,1.60456,2.25,1.43
2012.03.14 10:09:17.151,1.6042,1.60454,2.25,1.43
2012.03.14 10:09:17.469,1.6042,1.60457,2.25,1.43
2012.03.14 10:09:20.037,1.60418,1.60455,2.25,1.43
2012.03.14 10:09:21.741,1.60414,1.60455,2.25,1.43
2012.03.14 10:09:21.809,1.60414,1.60452,2.25,1.43
2012.03.14 10:09:24.729,1.6041,1.60452,1.50,1.43
2012.03.14 10:09:24.862,1.6041,1.60446,1.50,1.43
2012.03.14 10:09:24.933,1.60406,1.60446,2.25,1.43
2012.03.14 10:09:25.544,1.60398,1.60445,1.41,1.50
2012.03.14 10:09:26.069,1.60402,1.60446,2.25,1.43
2012.03.14 10:09:26.509,1.60402,1.60446,1.50,1.43
2012.03.14 10:09:27.277,1.60402,1.60446,2.25,1.43
2012.03.14 10:09:27.809,1.60402,1.60446,1.50,1.43
2012.03.14 10:09:27.880,1.60397,1.60445,1.50,1.50
2012.03.14 10:09:28.009,1.60397,1.60445,2.25,1.50
2012.03.14 10:09:28.389,1.60402,1.60447,2.25,1.43
2012.03.14 10:09:30.107,1.60406,1.60447,1.35,1.43
2012.03.14 10:09:30.440,1.60416,1.60451,1.35,1.43
2012.03.14 10:09:30.633,1.60409,1.60459,2.25,1.50
2012.03.14 10:09:31.574,1.60414,1.60458,2.25,1.43
2012.03.14 10:09:31.641,1.60414,1.6046,2.25,1.43
2012.03.14 10:09:31.851,1.60414,1.6046,1.50,1.43
2012.03.14 10:09:32.040,1.60411,1.60458,1.50,2.93
2012.03.14 10:09:32.243,1.60407,1.60458,2.25,2.93
2012.03.14 10:09:36.623,1.60412,1.60458,1.50,1.43
2012.03.14 10:09:37.372,1.60412,1.60458,2.25,1.43
2012.03.14 10:09:37.942,1.60412,1.6046,1.50,1.43
2012.03.14 10:09:38.067,1.60412,1.60444,1.50,1.43
2012.03.14 10:09:38.407,1.60412,1.6044,1.50,1.43
2012.03.14 10:09:38.485,1.60405,1.6044,2.25,1.43
2012.03.14 10:09:38.818,1.60405,1.60436,2.25,1.43
2012.03.14 10:09:39.013,1.60405,1.60436,1.50,1.43
2012.03.14 10:09:39.081,1.60405,1.60431,1.50,1.43
2012.03.14 10:09:39.268,1.60405,1.60434,1.50,1.43
2012.03.14 10:09:39.346,1.60402,1.60434,1.50,1.43
2012.03.14 10:09:40.095,1.60405,1.60431,1.50,1.43
2012.03.14 10:09:40.162,1.60405,1.60434,1.50,1.43
2012.03.14 10:09:40.288,1.60405,1.60432,1.50,1.43
2012.03.14 10:09:40.700,1.60405,1.60434,2.25,1.43
2012.03.14 10:09:41.233,1.60405,1.60434,1.50,1.43
2012.03.14 10:09:41.512,1.6041,1.60434,1.50,1.43
2012.03.14 10:09:41.582,1.6041,1.60437,1.50,1.43
2012.03.14 10:09:41.709,1.6041,1.60439,1.50,1.43
2012.03.14 10:09:42.324,1.6041,1.6044,1.50,1.43
2012.03.14 10:09:42.704,1.60413,1.60443,1.50,1.43
2012.03.14 10:09:43.031,1.60416,1.60442,1.50,1.43
2012.03.14 10:09:43.323,1.60416,1.60444,1.50,1.43
2012.03.14 10:09:43.579,1.60416,1.60446,2.25,1.43
2012.03.14 10:09:43.711,1.60416,1.60443,2.25,1.43
2012.03.14 10:09:43.899,1.60416,1.60445,2.25,1.43
2012.03.14 10:09:44.800,1.60416,1.60446,1.50,1.43
2012.03.14 10:09:46.637,1.60411,1.6044,2.25,1.43
2012.03.14 10:09:47.299,1.60411,1.60439,1.50,1.43
2012.03.14 10:09:47.378,1.60411,1.60435,1.50,1.43
2012.03.14 10:09:47.763,1.60409,1.60435,1.50,1.43
2012.03.14 10:09:47.833,1.60401,1.60435,2.25,1.43
2012.03.14 10:09:48.489,1.60406,1.60435,2.25,1.43
2012.03.14 10:09:48.559,1.60406,1.60439,2.25,1.43
2012.03.14 10:09:49.572,1.60412,1.60443,2.25,1.43
2012.03.14 10:09:50.076,1.60412,1.60442,2.25,1.43
2012.03.14 10:09:50.204,1.60412,1.60442,1.50,1.43
2012.03.14 10:09:50.275,1.6041,1.60438,1.50,1.43
2012.03.14 10:09:50.749,1.60404,1.60438,2.25,1.43
2012.03.14 10:09:51.563,1.60402,1.60437,2.25,1.43
2012.03.14 10:09:51.753,1.60402,1.60437,1.50,1.43
2012.03.14 10:09:51.821,1.60402,1.60432,1.50,1.43
2012.03.14 10:09:51.889,1.60402,1.60434,1.50,1.43
2012.03.14 10:09:52.612,1.60402,1.60434,2.25,1.43
2012.03.14 10:09:52.801,1.60402,1.60436,2.25,1.43
2012.03.14 10:09:53.358,1.60402,1.6044,2.25,1.43
2012.03.14 10:09:56.482,1.60407,1.6044,2.25,1.43
2012.03.14 10:09:56.612,1.6041,1.60443,2.25,1.43
2012.03.14 10:10:01.329,1.60412,1.60444,2.25,1.43
2012.03.14 10:10:03.630,1.60412,1.60444,1.50,1.43
2012.03.14 10:10:03.879,1.60412,1.6044,1.50,1.43
2012.03.14 10:10:03.949,1.60406,1.6044,2.25,1.43
2012.03.14 10:10:04.630,1.60406,1.60438,2.25,1.43
2012.03.14 10:10:05.021,1.60406,1.60456,2.25,2.10
2012.03.14 10:10:05.089,1.60409,1.60456,1.50,1.80
2012.03.14 10:10:05.695,1.60412,1.60461,1.50,2.10
2012.03.14 10:10:06.039,1.60412,1.60444,1.50,1.43
2012.03.14 10:10:06.383,1.60412,1.60442,1.50,1.43
2012.03.14 10:10:08.593,1.60409,1.60442,1.50,1.43
2012.03.14 10:10:08.661,1.60407,1.60442,1.50,1.43
2012.03.14 10:10:08.848,1.60407,1.60439,1.50,1.43
2012.03.14 10:10:09.041,1.60407,1.60441,1.50,1.43
2012.03.14 10:10:09.473,1.60407,1.60439,1.50,1.43
2012.03.14 10:10:09.733,1.60403,1.60439,1.50,1.43
2012.03.14 10:10:09.913,1.60403,1.60436,1.50,1.43
2012.03.14 10:10:10.499,1.60403,1.60435,1.50,1.43
2012.03.14 10:10:11.193,1.60403,1.60436,1.50,1.43
2012.03.14 10:10:13.483,1.60403,1.60436,2.25,1.43
2012.03.14 10:10:13.803,1.60403,1.60438,2.25,1.43
2012.03.14 10:10:14.080,1.60403,1.60438,1.50,1.43
2012.03.14 10:10:14.218,1.60403,1.60438,2.25,1.43
2012.03.14 10:10:14.297,1.60403,1.60447,2.25,1.43
2012.03.14 10:10:14.695,1.6041,1.60447,1.50,1.43
2012.03.14 10:10:14.950,1.60406,1.60447,2.25,1.43
2012.03.14 10:10:15.643,1.60406,1.60448,2.25,1.43
2012.03.14 10:10:16.159,1.60402,1.60448,1.50,1.43
2012.03.14 10:10:16.228,1.60402,1.60445,1.50,1.43
2012.03.14 10:10:17.194,1.60406,1.6045,2.25,1.43
2012.03.14 10:10:17.380,1.60406,1.60452,2.25,1.43
2012.03.14 10:10:17.773,1.60409,1.60453,1.50,1.43
2012.03.14 10:10:18.169,1.60411,1.60453,1.50,1.43
2012.03.14 10:10:21.139,1.60409,1.60453,1.50,1.43
2012.03.14 10:10:21.209,1.60405,1.60453,2.25,1.43
2012.03.14 10:10:21.430,1.60403,1.60448,2.25,1.50
2012.03.14 10:10:22.389,1.604,1.60448,1.50,1.50
2012.03.14 10:10:23.468,1.604,1.60447,1.50,1.43
2012.03.14 10:10:24.758,1.604,1.60431,1.50,1.43
2012.03.14 10:10:24.830,1.60392,1.60431,2.25,1.43
2012.03.14 10:10:25.809,1.60392,1.60431,1.50,1.43
2012.03.14 10:10:27.911,1.60392,1.60431,2.25,1.43
2012.03.14 10:10:28.252,1.60388,1.60424,2.25,1.43
2012.03.14 10:10:28.381,1.60388,1.60424,1.50,1.43
2012.03.14 10:10:29.032,1.60383,1.60421,2.25,1.43
2012.03.14 10:10:29.811,1.60388,1.60421,1.50,1.43
2012.03.14 10:10:30.241,1.60388,1.60424,2.25,1.43
2012.03.14 10:10:30.998,1.60388,1.60424,1.50,1.43
2012.03.14 10:10:31.707,1.60388,1.60422,1.50,1.43
2012.03.14 10:10:32.226,1.60386,1.60422,1.50,1.43
2012.03.14 10:10:32.296,1.60386,1.60412,1.50,1.43
2012.03.14 10:10:32.621,1.60386,1.6041,1.50,1.43
2012.03.14 10:10:33.838,1.60378,1.60409,2.25,1.43
2012.03.14 10:10:34.172,1.60378,1.60402,2.25,1.43
2012.03.14 10:10:34.442,1.60378,1.60402,1.50,1.43
2012.03.14 10:10:34.668,1.60373,1.60402,2.25,1.43
2012.03.14 10:10:36.132,1.6038,1.60402,1.50,1.43
2012.03.14 10:10:38.858,1.6038,1.60398,1.50,1.43
2012.03.14 10:10:39.370,1.6038,1.60399,1.50,1.43
2012.03.14 10:10:39.661,1.6038,1.60401,1.50,1.43
2012.03.14 10:10:40.343,1.60383,1.60402,1.50,1.43
2012.03.14 10:10:40.862,1.60383,1.60404,2.25,1.43
2012.03.14 10:10:41.319,1.60384,1.60417,2.25,1.43
2012.03.14 10:10:41.651,1.60386,1.6042,2.25,1.43
2012.03.14 10:10:43.941,1.60386,1.6042,2.25,1.43
2012.03.14 10:10:47.811,1.60388,1.60424,1.50,1.43
2012.03.14 10:10:47.891,1.60388,1.60419,1.50,1.43
2012.03.14 10:10:48.202,1.60384,1.60418,2.25,1.43
2012.03.14 10:10:48.448,1.60381,1.60429,2.18,1.50
2012.03.14 10:10:48.527,1.60381,1.60429,2.18,1.50
2012.03.14 10:10:48.602,1.60384,1.60429,2.25,1.50
2012.03.14 10:10:48.753,1.60384,1.60429,2.25,1.50
2012.03.14 10:10:48.948,1.60398,1.60434,1.50,1.43
2012.03.14 10:10:49.023,1.60398,1.60431,1.50,1.43
2012.03.14 10:10:49.518,1.60402,1.60436,1.50,1.43
2012.03.14 10:10:49.598,1.60402,1.60435,2.25,1.43
2012.03.14 10:10:49.761,1.60402,1.60435,1.50,1.43
2012.03.14 10:10:50.340,1.60402,1.60434,1.50,1.43
2012.03.14 10:10:51.052,1.60397,1.60434,2.25,1.43
2012.03.14 10:10:51.122,1.60397,1.60431,2.25,1.43
2012.03.14 10:10:51.815,1.60397,1.6043,2.25,1.43
2012.03.14 10:10:54.744,1.60392,1.60417,1.50,1.43
2012.03.14 10:10:54.892,1.60379,1.60417,2.25,1.43
2012.03.14 10:10:55.090,1.60379,1.60413,1.50,1.43
2012.03.14 10:10:55.233,1.60374,1.60413,2.25,1.43
2012.03.14 10:10:55.768,1.60374,1.60412,2.25,1.43
2012.03.14 10:10:56.590,1.60374,1.6041,2.25,1.43
2012.03.14 10:10:56.664,1.6038,1.6041,1.50,1.43
2012.03.14 10:10:56.729,1.6038,1.6041,2.25,1.43
2012.03.14 10:10:56.813,1.6038,1.60414,2.25,1.43
2012.03.14 10:10:57.243,1.6038,1.60414,1.50,1.43
2012.03.14 10:10:57.308,1.6038,1.60411,1.50,1.43
2012.03.14 10:10:57.547,1.60377,1.60411,2.25,1.43
2012.03.14 10:10:58.447,1.60375,1.60416,2.25,1.43
2012.03.14 10:10:58.524,1.6038,1.60421,1.43,1.43
2012.03.14 10:10:58.714,1.60377,1.60421,3.68,1.43
2012.03.14 10:10:58.785,1.6038,1.60421,1.43,1.43
2012.03.14 10:10:59.103,1.60387,1.60421,1.50,1.43
2012.03.14 10:10:59.236,1.60389,1.60425,1.50,1.43
2012.03.14 10:11:00.026,1.60389,1.6043,1.50,1.43
2012.03.14 10:11:00.112,1.60389,1.60426,1.50,1.43
2012.03.14 10:11:00.425,1.60394,1.60427,1.50,1.43
2012.03.14 10:11:00.624,1.60388,1.60427,1.50,1.43
2012.03.14 10:11:00.692,1.60391,1.60432,1.43,1.43
2012.03.14 10:11:01.912,1.60389,1.60431,1.43,1.43
2012.03.14 10:11:02.496,1.60391,1.60431,1.50,1.43
2012.03.14 10:11:02.839,1.60393,1.60431,1.50,1.43
2012.03.14 10:11:03.420,1.60393,1.60432,1.50,1.43
2012.03.14 10:11:03.628,1.60386,1.60431,2.25,1.43
2012.03.14 10:11:03.702,1.60386,1.60434,2.25,1.43
2012.03.14 10:11:03.950,1.60386,1.60432,2.25,1.43
2012.03.14 10:11:04.279,1.60388,1.60434,1.50,1.43
2012.03.14 10:11:04.749,1.60388,1.60431,1.50,1.43
2012.03.14 10:11:05.199,1.60388,1.60434,1.50,1.43
2012.03.14 10:11:05.474,1.60382,1.60431,1.50,1.50
2012.03.14 10:11:05.600,1.60381,1.60426,1.43,1.50
2012.03.14 10:11:05.851,1.60366,1.60413,1.88,1.43
2012.03.14 10:11:06.340,1.60371,1.60413,1.50,1.43
2012.03.14 10:11:06.736,1.60373,1.60413,1.50,1.43
2012.03.14 10:11:08.812,1.60368,1.60413,1.50,1.43
2012.03.14 10:11:08.944,1.6037,1.60418,1.50,2.93
2012.03.14 10:11:09.014,1.6037,1.60418,2.25,2.93
2012.03.14 10:11:09.081,1.6037,1.60418,1.50,2.93
2012.03.14 10:11:09.222,1.60368,1.60418,1.50,2.93
2012.03.14 10:11:09.354,1.60372,1.60418,1.50,1.43
2012.03.14 10:11:09.670,1.6037,1.60414,2.25,1.43
2012.03.14 10:11:11.008,1.60372,1.60412,2.25,1.43
2012.03.14 10:11:11.524,1.60372,1.60412,1.50,1.43
2012.03.14 10:11:11.590,1.60376,1.60412,1.50,1.43
2012.03.14 10:11:12.210,1.60372,1.60412,1.50,1.43
2012.03.14 10:11:13.319,1.60372,1.60415,1.50,1.43
2012.03.14 10:11:13.664,1.60372,1.60417,1.50,1.43
2012.03.14 10:11:13.891,1.60372,1.60417,2.25,1.43
2012.03.14 10:11:20.775,1.60372,1.60416,2.25,1.43
2012.03.14 10:11:22.096,1.60372,1.60416,1.50,1.43
2012.03.14 10:11:26.514,1.60372,1.60418,1.50,1.43
2012.03.14 10:11:27.721,1.60376,1.60418,1.50,1.43
2012.03.14 10:11:29.147,1.60376,1.60418,2.25,1.43
2012.03.14 10:11:29.993,1.60376,1.60418,1.50,1.43
2012.03.14 10:11:30.461,1.60376,1.60421,1.50,1.43
2012.03.14 10:11:30.534,1.60372,1.6042,1.50,1.50
2012.03.14 10:11:30.703,1.60374,1.60419,1.50,1.43
2012.03.14 10:11:31.114,1.60371,1.6042,2.25,1.43
2012.03.14 10:11:31.721,1.60377,1.60426,1.50,2.93
2012.03.14 10:11:31.850,1.60377,1.60422,1.50,1.50
2012.03.14 10:11:31.930,1.60375,1.60421,1.43,1.50
2012.03.14 10:11:32.183,1.60371,1.60415,2.93,1.43
2012.03.14 10:11:32.840,1.60371,1.60415,3.53,1.43
2012.03.14 10:11:33.152,1.60376,1.60415,2.25,1.43
2012.03.14 10:11:43.029,1.60371,1.60415,2.93,1.43
2012.03.14 10:11:43.596,1.60371,1.60415,3.68,1.43
2012.03.14 10:11:45.250,1.60371,1.60415,2.93,1.43
2012.03.14 10:11:45.439,1.60371,1.6041,1.50,1.43
2012.03.14 10:11:46.792,1.60371,1.6041,2.25,1.43
2012.03.14 10:11:47.561,1.60367,1.60407,1.50,1.43
2012.03.14 10:11:47.634,1.60367,1.60409,1.50,1.43
2012.03.14 10:11:47.832,1.60367,1.60407,1.50,1.43
2012.03.14 10:11:49.371,1.60367,1.60405,1.50,1.43
2012.03.14 10:11:49.702,1.60367,1.60402,2.25,1.43
2012.03.14 10:11:49.831,1.60371,1.60415,1.50,1.50
2012.03.14 10:11:50.485,1.60378,1.60417,1.50,1.43
2012.03.14 10:11:51.190,1.60371,1.60417,1.50,1.43
2012.03.14 10:11:51.410,1.60371,1.60417,2.25,1.43
2012.03.14 10:11:51.738,1.60379,1.60417,1.50,1.43
2012.03.14 10:11:52.282,1.60379,1.60418,1.50,1.43
2012.03.14 10:11:52.715,1.6038,1.60423,1.50,1.43
2012.03.14 10:11:54.638,1.6038,1.60425,1.50,1.43
2012.03.14 10:11:54.977,1.6038,1.60423,1.50,1.43
2012.03.14 10:11:58.284,1.6038,1.60424,1.50,1.43
2012.03.14 10:11:58.480,1.6038,1.60426,1.50,1.43
2012.03.14 10:11:58.821,1.60382,1.60426,1.50,1.43
2012.03.14 10:11:59.368,1.60382,1.60425,1.50,1.43
2012.03.14 10:12:00.048,1.60382,1.60426,1.50,1.43
2012.03.14 10:12:00.803,1.60379,1.60426,1.50,1.43
2012.03.14 10:12:00.870,1.60377,1.60426,1.50,1.43
2012.03.14 10:12:01.429,1.60377,1.60426,1.50,2.18
2012.03.14 10:12:02.250,1.60377,1.60426,2.25,1.43
2012.03.14 10:12:02.432,1.60377,1.60424,2.25,1.43
2012.03.14 10:12:03.653,1.60382,1.60424,1.50,1.43
2012.03.14 10:12:04.210,1.60382,1.60425,1.50,1.43
2012.03.14 10:12:04.889,1.60382,1.60426,1.50,1.43
2012.03.14 10:12:05.539,1.60382,1.60425,1.50,1.43
2012.03.14 10:12:05.987,1.60378,1.60426,1.50,2.93
2012.03.14 10:12:06.073,1.60378,1.60424,1.50,1.43
2012.03.14 10:12:06.580,1.60375,1.60421,2.25,1.50
2012.03.14 10:12:06.829,1.60376,1.60425,2.25,1.43
2012.03.14 10:12:07.843,1.60375,1.60417,2.25,1.43
2012.03.14 10:12:07.921,1.60372,1.60417,1.50,1.43
2012.03.14 10:12:08.296,1.60372,1.60421,1.50,1.50
2012.03.14 10:12:08.367,1.60377,1.60422,1.50,1.43
2012.03.14 10:12:08.446,1.60377,1.60425,2.25,1.50
2012.03.14 10:12:08.516,1.6038,1.60426,1.50,1.43
2012.03.14 10:12:08.832,1.60382,1.60431,2.18,1.50
2012.03.14 10:12:09.363,1.60394,1.60435,2.25,1.43
2012.03.14 10:12:09.442,1.60394,1.6044,2.25,2.93
2012.03.14 10:12:10.047,1.60395,1.60442,2.25,1.43
2012.03.14 10:12:10.251,1.60395,1.6044,2.25,1.43
2012.03.14 10:12:10.740,1.60395,1.60438,2.25,1.43
2012.03.14 10:12:10.932,1.60395,1.6044,2.25,1.43
2012.03.14 10:12:11.593,1.60395,1.6044,1.50,1.43
2012.03.14 10:12:11.722,1.60395,1.60438,1.50,1.43
2012.03.14 10:12:12.686,1.60395,1.60438,2.25,1.43
2012.03.14 10:12:12.798,1.60395,1.60438,1.50,1.43
2012.03.14 10:12:13.431,1.60395,1.60439,1.50,1.43
2012.03.14 10:12:15.447,1.60395,1.60438,1.50,1.43
2012.03.14 10:12:15.896,1.60391,1.60438,1.50,1.43
2012.03.14 10:12:15.993,1.60393,1.60438,1.50,1.43
2012.03.14 10:12:16.362,1.60395,1.60438,1.50,1.43
2012.03.14 10:12:18.523,1.60395,1.60438,2.25,1.43
2012.03.14 10:12:18.773,1.60395,1.60441,2.25,1.43
2012.03.14 10:12:19.379,1.60395,1.6044,2.25,1.43
2012.03.14 10:12:19.452,1.60395,1.6044,1.50,1.43
2012.03.14 10:12:21.939,1.60395,1.6044,2.25,1.43
2012.03.14 10:12:23.092,1.60395,1.6044,1.50,1.43
2012.03.14 10:12:23.412,1.60393,1.6043,1.50,1.43
2012.03.14 10:12:23.481,1.60391,1.6043,1.50,1.43
2012.03.14 10:12:23.552,1.60388,1.6043,1.50,1.43
2012.03.14 10:12:23.624,1.60386,1.60428,2.25,1.43
2012.03.14 10:12:24.046,1.60382,1.60424,1.50,1.43
2012.03.14 10:12:24.180,1.60382,1.60425,2.25,1.43
2012.03.14 10:12:24.311,1.60382,1.60425,1.50,1.43
2012.03.14 10:12:24.383,1.60382,1.60422,1.50,1.43
2012.03.14 10:12:24.850,1.60378,1.60423,1.50,1.43
2012.03.14 10:12:25.661,1.60378,1.60425,1.50,1.43
2012.03.14 10:12:26.215,1.60378,1.60424,1.50,1.43
2012.03.14 10:12:26.286,1.60378,1.60422,1.50,1.43
2012.03.14 10:12:26.796,1.60378,1.60423,1.50,1.43
2012.03.14 10:12:27.354,1.60382,1.60431,2.25,1.50
2012.03.14 10:12:27.701,1.60382,1.60429,1.50,1.43
2012.03.14 10:12:28.061,1.60382,1.60426,1.50,1.43
2012.03.14 10:12:28.513,1.6038,1.60423,1.50,1.43
2012.03.14 10:12:28.833,1.60378,1.60409,1.50,1.43
2012.03.14 10:12:28.901,1.60375,1.60411,2.25,1.43
2012.03.14 10:12:28.974,1.60372,1.60409,2.25,1.43
2012.03.14 10:12:30.803,1.60375,1.60411,2.25,1.43
2012.03.14 10:12:31.821,1.60375,1.60408,2.25,1.43
2012.03.14 10:12:32.624,1.60374,1.60404,2.25,1.43
2012.03.14 10:12:32.715,1.60374,1.60404,1.50,1.43
2012.03.14 10:12:34.366,1.60374,1.60402,1.50,1.43
2012.03.14 10:12:34.621,1.60372,1.60402,1.50,1.43
2012.03.14 10:12:34.691,1.60366,1.60402,2.25,1.43
2012.03.14 10:12:35.220,1.60368,1.60402,1.50,1.43
2012.03.14 10:12:35.291,1.6037,1.60402,1.50,1.43
2012.03.14 10:12:37.289,1.60368,1.60402,1.50,1.43
2012.03.14 10:12:39.242,1.60367,1.60401,2.25,1.43
2012.03.14 10:12:45.541,1.60361,1.60388,1.50,1.43
2012.03.14 10:12:45.613,1.60361,1.6039,1.50,1.43
2012.03.14 10:12:45.709,1.60361,1.6039,2.25,1.43
2012.03.14 10:12:46.017,1.60359,1.60387,2.25,1.43
2012.03.14 10:12:46.149,1.60356,1.60389,2.25,1.43
2012.03.14 10:12:48.051,1.6036,1.60389,1.50,1.43
2012.03.14 10:12:48.185,1.6036,1.60389,2.25,1.43
2012.03.14 10:12:48.255,1.6036,1.604,2.25,1.43
2012.03.14 10:12:55.032,1.60362,1.60399,2.25,1.43
2012.03.14 10:12:55.162,1.60362,1.60395,2.25,1.43
2012.03.14 10:12:55.304,1.60362,1.60395,1.50,1.43
2012.03.14 10:12:55.516,1.60356,1.60393,2.25,1.43
2012.03.14 10:12:56.090,1.60356,1.6039,2.25,1.43
2012.03.14 10:12:56.802,1.60356,1.60389,2.25,1.43
2012.03.14 10:12:57.368,1.60356,1.6039,2.25,1.43
2012.03.14 10:12:57.699,1.60362,1.60398,2.25,1.43
2012.03.14 10:12:58.191,1.60362,1.604,2.25,1.43
2012.03.14 10:12:58.465,1.60362,1.60398,2.25,1.43
2012.03.14 10:13:01.411,1.60362,1.60396,2.25,1.43
2012.03.14 10:13:01.698,1.60362,1.60399,2.25,1.43
2012.03.14 10:13:02.659,1.60362,1.60397,2.25,1.43
2012.03.14 10:13:02.970,1.60362,1.60394,2.25,1.43
2012.03.14 10:13:03.046,1.60354,1.60394,2.25,1.43
2012.03.14 10:13:03.116,1.60351,1.6039,2.25,1.43
2012.03.14 10:13:04.410,1.60355,1.6039,2.25,1.43
2012.03.14 10:13:04.546,1.60355,1.60393,2.25,1.43
2012.03.14 10:13:06.383,1.60355,1.60393,2.25,1.43
2012.03.14 10:13:06.640,1.60361,1.60409,2.25,1.43
2012.03.14 10:13:07.231,1.60361,1.60409,2.25,1.43
2012.03.14 10:13:07.410,1.60361,1.60409,2.25,1.43
2012.03.14 10:13:07.478,1.60361,1.60409,2.25,1.43
2012.03.14 10:13:07.581,1.60361,1.60409,2.25,1.43
2012.03.14 10:13:08.291,1.60361,1.60409,2.25,1.43
2012.03.14 10:13:09.942,1.60361,1.60408,2.25,1.43
2012.03.14 10:13:11.461,1.60358,1.60405,2.18,1.50
2012.03.14 10:13:13.413,1.60358,1.60405,1.43,1.50
2012.03.14 10:13:14.352,1.60358,1.60405,2.18,1.50
2012.03.14 10:13:16.442,1.60362,1.60411,2.25,2.93
2012.03.14 10:13:17.459,1.60372,1.60411,1.43,1.50
2012.03.14 10:13:17.592,1.60372,1.60415,1.43,1.43
2012.03.14 10:13:18.572,1.60373,1.60416,1.43,1.43
2012.03.14 10:13:22.492,1.60371,1.60416,1.43,1.43
2012.03.14 10:13:25.843,1.60372,1.60416,1.43,1.43
2012.03.14 10:13:26.024,1.60372,1.60416,2.18,1.43
2012.03.14 10:13:26.414,1.60386,1.60417,1.43,1.50
2012.03.14 10:13:26.486,1.60386,1.60419,1.43,1.50
2012.03.14 10:13:27.104,1.60374,1.60419,2.63,1.50
2012.03.14 10:13:27.174,1.60375,1.60422,2.40,1.50
2012.03.14 10:13:27.708,1.60378,1.60423,1.50,1.50
2012.03.14 10:13:28.687,1.60375,1.60423,1.50,2.25
2012.03.14 10:13:30.475,1.60374,1.60423,1.43,2.25
2012.03.14 10:13:30.557,1.60373,1.60421,2.25,1.43
2012.03.14 10:13:31.084,1.60373,1.6042,2.25,1.43
2012.03.14 10:13:34.157,1.60373,1.60423,2.25,1.50
2012.03.14 10:13:34.350,1.60386,1.60427,1.43,1.43
2012.03.14 10:13:34.670,1.60376,1.60417,2.18,1.43
2012.03.14 10:13:34.918,1.60367,1.60408,2.85,1.43
2012.03.14 10:13:37.260,1.60367,1.60406,2.25,1.43
2012.03.14 10:13:37.613,1.60367,1.60409,3.68,1.43
2012.03.14 10:13:37.742,1.60367,1.60405,2.25,1.43
2012.03.14 10:13:38.484,1.60372,1.60405,1.50,1.43
2012.03.14 10:13:43.461,1.60372,1.6041,1.50,1.43
2012.03.14 10:13:44.151,1.60372,1.60405,1.50,1.43
2012.03.14 10:13:44.232,1.60372,1.60409,1.50,1.43
2012.03.14 10:13:44.384,1.60374,1.6041,1.50,1.43
2012.03.14 10:13:44.640,1.60377,1.60415,1.50,1.43
2012.03.14 10:13:44.711,1.60377,1.60409,1.50,1.43
2012.03.14 10:13:44.912,1.60377,1.60411,1.50,1.43
2012.03.14 10:13:44.982,1.60371,1.60411,1.50,1.43
2012.03.14 10:13:45.114,1.60371,1.60409,1.50,1.43
2012.03.14 10:13:45.820,1.60371,1.6041,1.50,1.43
2012.03.14 10:13:46.348,1.60371,1.60411,1.50,1.43
2012.03.14 10:13:46.740,1.60371,1.60411,2.25,1.43
2012.03.14 10:13:46.900,1.60371,1.60411,1.50,1.43
2012.03.14 10:13:47.590,1.60371,1.6041,1.50,1.43
2012.03.14 10:13:48.286,1.60375,1.6041,2.25,1.43
2012.03.14 10:13:48.671,1.60375,1.60421,2.25,1.50
2012.03.14 10:13:48.753,1.60377,1.60425,1.50,1.43
2012.03.14 10:13:49.025,1.60377,1.6042,1.50,1.43
2012.03.14 10:13:49.339,1.60381,1.6042,1.50,1.43
2012.03.14 10:13:49.692,1.60376,1.6042,2.25,1.43
2012.03.14 10:13:51.617,1.60376,1.60419,2.25,1.43
2012.03.14 10:13:52.953,1.60376,1.60419,2.25,1.43
2012.03.14 10:13:55.042,1.60381,1.60419,1.50,1.43
2012.03.14 10:13:55.171,1.60381,1.6043,1.50,2.93
2012.03.14 10:13:55.582,1.60381,1.6043,2.25,2.93
2012.03.14 10:13:56.097,1.60387,1.60429,1.50,1.43
2012.03.14 10:13:56.398,1.60387,1.60427,1.50,1.43
2012.03.14 10:13:57.321,1.60387,1.60428,1.50,1.43
2012.03.14 10:13:57.867,1.60387,1.60427,1.50,1.43
2012.03.14 10:13:57.941,1.60382,1.60427,1.50,1.43
2012.03.14 10:13:58.248,1.60382,1.60423,1.50,1.43
2012.03.14 10:13:58.564,1.60385,1.60424,1.50,1.43
2012.03.14 10:13:58.813,1.60386,1.60431,2.25,1.43
2012.03.14 10:13:59.325,1.60386,1.60429,2.25,1.43
2012.03.14 10:13:59.989,1.60386,1.60429,1.50,1.43
2012.03.14 10:14:00.829,1.60386,1.60429,2.25,1.43
2012.03.14 10:14:01.275,1.60386,1.60426,1.50,1.43
2012.03.14 10:14:01.484,1.60382,1.60428,2.25,1.43
2012.03.14 10:14:01.878,1.60381,1.6043,2.25,1.43
2012.03.14 10:14:02.572,1.60381,1.6043,1.50,1.43
2012.03.14 10:14:03.630,1.60381,1.60424,1.50,2.18
2012.03.14 10:14:03.964,1.60375,1.60417,2.25,1.43
2012.03.14 10:14:04.835,1.60377,1.6042,1.50,1.43
2012.03.14 10:14:05.170,1.60379,1.6042,1.50,1.43
2012.03.14 10:14:06.232,1.60377,1.6042,2.25,1.43
2012.03.14 10:14:06.369,1.60371,1.60412,1.50,1.43
2012.03.14 10:14:06.503,1.60372,1.6042,1.50,1.43
2012.03.14 10:14:07.225,1.60377,1.60419,1.50,1.43
2012.03.14 10:14:07.599,1.60377,1.60421,2.25,1.43
2012.03.14 10:14:08.084,1.60374,1.60419,2.25,1.43
2012.03.14 10:14:08.666,1.60378,1.60419,1.50,1.43
2012.03.14 10:14:09.311,1.60378,1.60416,1.50,1.43
2012.03.14 10:14:09.390,1.60369,1.60418,2.25,1.43
2012.03.14 10:14:09.462,1.60379,1.60418,2.25,1.43
2012.03.14 10:14:09.952,1.60378,1.60416,1.50,1.43
2012.03.14 10:14:10.192,1.60378,1.60418,1.50,1.43
2012.03.14 10:14:10.265,1.60376,1.60418,2.25,1.43
2012.03.14 10:14:10.332,1.60376,1.60415,2.25,1.43
2012.03.14 10:14:10.801,1.60383,1.60413,1.50,1.43
2012.03.14 10:14:11.255,1.60389,1.60433,1.50,1.43
2012.03.14 10:14:11.499,1.60389,1.60435,1.50,1.43
2012.03.14 10:14:11.912,1.60389,1.60434,2.25,1.43
2012.03.14 10:14:12.219,1.60401,1.60438,1.50,1.43
2012.03.14 10:14:12.530,1.60401,1.60433,1.50,1.43
2012.03.14 10:14:12.599,1.60391,1.60433,1.50,1.43
2012.03.14 10:14:12.878,1.60391,1.60435,1.50,1.43
2012.03.14 10:14:13.133,1.60391,1.60439,1.50,1.43
2012.03.14 10:14:13.588,1.60395,1.60439,2.25,1.43
2012.03.14 10:14:17.995,1.60395,1.60442,2.25,1.43
2012.03.14 10:14:18.061,1.60394,1.60441,1.50,1.50
2012.03.14 10:14:18.131,1.6039,1.60441,2.93,1.50
2012.03.14 10:14:18.261,1.60392,1.60441,1.43,1.50
2012.03.14 10:14:18.818,1.60397,1.60445,1.50,2.18
2012.03.14 10:14:19.100,1.60394,1.60441,1.43,1.50
2012.03.14 10:14:20.133,1.60381,1.60425,2.25,1.43
2012.03.14 10:14:20.199,1.60381,1.60425,1.50,1.43
2012.03.14 10:14:22.258,1.60377,1.60425,1.50,1.43
2012.03.14 10:14:22.333,1.60379,1.60426,2.25,1.50
2012.03.14 10:14:22.401,1.60382,1.60428,2.25,1.43
2012.03.14 10:14:23.007,1.60382,1.60431,2.25,2.93
2012.03.14 10:14:23.419,1.60387,1.60426,1.50,1.43
2012.03.14 10:14:23.782,1.60385,1.60426,1.50,1.43
2012.03.14 10:14:23.848,1.60381,1.60426,1.50,1.43
2012.03.14 10:14:24.100,1.60387,1.60426,1.50,1.43
2012.03.14 10:14:24.911,1.60384,1.60426,1.50,1.43
2012.03.14 10:14:24.981,1.60382,1.60425,1.50,1.43
2012.03.14 10:14:25.589,1.60382,1.60426,1.50,1.43
2012.03.14 10:14:26.133,1.60383,1.60427,1.50,1.43
2012.03.14 10:14:26.200,1.60386,1.60427,1.50,1.43
2012.03.14 10:14:26.508,1.60386,1.6043,2.25,1.43
2012.03.14 10:14:27.020,1.60386,1.60433,2.25,1.43
2012.03.14 10:14:27.578,1.60386,1.60431,2.25,1.43
2012.03.14 10:14:27.811,1.60383,1.60429,1.50,1.43
2012.03.14 10:14:27.879,1.60381,1.60429,1.50,1.43
2012.03.14 10:14:27.950,1.60381,1.60427,1.50,1.43
2012.03.14 10:14:28.021,1.60381,1.60429,1.50,1.43
2012.03.14 10:14:28.279,1.60381,1.60426,1.50,1.43
2012.03.14 10:14:33.753,1.60381,1.60423,1.50,1.43
2012.03.14 10:14:33.887,1.60375,1.60421,1.50,1.43
2012.03.14 10:14:34.031,1.60375,1.6042,2.25,1.43
2012.03.14 10:14:34.492,1.60375,1.60422,2.25,1.43
2012.03.14 10:14:34.844,1.60375,1.60424,2.25,1.50
2012.03.14 10:14:35.283,1.60383,1.60429,1.50,2.93
2012.03.14 10:14:35.617,1.60385,1.60431,1.50,1.43
2012.03.14 10:14:35.688,1.6038,1.60429,1.50,1.50
2012.03.14 10:14:36.617,1.6038,1.60429,2.25,1.50
2012.03.14 10:14:36.859,1.60385,1.60431,2.25,1.43
2012.03.14 10:14:37.279,1.6039,1.60432,1.50,1.43
2012.03.14 10:14:37.413,1.6039,1.60439,1.50,2.93
2012.03.14 10:14:37.896,1.6039,1.60433,1.50,1.43
2012.03.14 10:14:37.974,1.6039,1.60438,1.50,1.43
2012.03.14 10:14:38.041,1.6039,1.60433,1.50,1.43
2012.03.14 10:14:38.628,1.6039,1.60432,1.50,1.43
2012.03.14 10:14:39.142,1.6039,1.60431,1.50,1.43
2012.03.14 10:14:39.651,1.6039,1.6043,1.50,1.43
2012.03.14 10:14:39.721,1.60387,1.6043,2.25,1.43
2012.03.14 10:14:40.179,1.60384,1.60428,2.25,1.43
2012.03.14 10:14:40.314,1.60384,1.60428,1.50,1.43
2012.03.14 10:14:40.624,1.6038,1.60427,1.65,1.43
2012.03.14 10:14:40.689,1.6038,1.60425,1.65,1.43
2012.03.14 10:14:41.699,1.6038,1.60424,1.50,1.43
2012.03.14 10:14:42.657,1.6038,1.60425,1.50,1.43
2012.03.14 10:14:42.729,1.6038,1.60429,2.25,1.50
2012.03.14 10:14:43.344,1.60385,1.6043,2.25,1.43
2012.03.14 10:14:43.411,1.60385,1.6043,1.50,1.43
2012.03.14 10:14:43.600,1.60385,1.6043,2.25,1.43
2012.03.14 10:14:44.054,1.60385,1.60428,2.25,1.43
2012.03.14 10:14:44.367,1.60385,1.60428,1.50,1.43
2012.03.14 10:14:45.453,1.60379,1.60428,2.10,1.43
2012.03.14 10:14:45.760,1.60379,1.60428,2.85,1.43
2012.03.14 10:14:46.073,1.60381,1.60432,3.68,1.50
2012.03.14 10:14:46.260,1.60386,1.60434,2.25,1.50
2012.03.14 10:14:46.330,1.60386,1.60438,3.68,1.50
2012.03.14 10:14:46.408,1.6039,1.60438,1.43,1.50
2012.03.14 10:14:46.724,1.60388,1.60438,2.78,1.50
2012.03.14 10:14:47.256,1.6039,1.60439,2.25,1.43
2012.03.14 10:14:48.700,1.6039,1.60438,2.25,1.43
2012.03.14 10:14:48.950,1.6039,1.60438,1.50,1.43
2012.03.14 10:14:49.491,1.6039,1.60437,1.50,1.43
2012.03.14 10:14:49.682,1.60387,1.60436,2.10,2.93
2012.03.14 10:14:49.749,1.60388,1.60436,1.35,2.93
2012.03.14 10:14:50.290,1.60388,1.60436,2.03,1.50
2012.03.14 10:14:51.018,1.60386,1.60434,1.35,1.43
2012.03.14 10:14:51.680,1.60386,1.60433,1.35,1.43
2012.03.14 10:14:51.840,1.60384,1.60433,2.25,1.43
2012.03.14 10:14:52.001,1.60382,1.60431,2.25,1.50
2012.03.14 10:14:52.505,1.60379,1.60429,2.25,1.43
2012.03.14 10:14:53.274,1.60386,1.60429,1.35,1.43
2012.03.14 10:14:53.474,1.60386,1.60431,2.85,2.93
2012.03.14 10:14:53.841,1.60387,1.60435,2.10,1.43
2012.03.14 10:14:54.220,1.60387,1.60431,2.10,1.43
2012.03.14 10:14:55.941,1.60387,1.60435,2.10,1.43
2012.03.14 10:14:58.300,1.60386,1.60434,1.35,2.93
2012.03.14 10:14:58.375,1.60386,1.60431,1.35,1.43
2012.03.14 10:14:58.892,1.60386,1.6043,1.35,1.43
2012.03.14 10:15:02.412,1.6039,1.60434,2.18,1.50
2012.03.14 10:15:02.522,1.60393,1.6044,2.25,1.43
2012.03.14 10:15:02.600,1.60393,1.60445,2.25,2.93
2012.03.14 10:15:02.742,1.60399,1.60445,1.50,1.43
2012.03.14 10:15:03.885,1.60399,1.60445,1.50,2.18
2012.03.14 10:15:04.622,1.604,1.60447,1.50,2.25
2012.03.14 10:15:05.262,1.604,1.60449,2.93,1.50
2012.03.14 10:15:06.926,1.60404,1.60451,1.50,1.50
2012.03.14 10:15:07.254,1.60417,1.60456,1.43,2.25
2012.03.14 10:15:07.324,1.60402,1.60448,1.50,2.18
2012.03.14 10:15:07.466,1.60396,1.60445,1.43,2.25
2012.03.14 10:15:07.533,1.6039,1.60432,1.43,1.43
2012.03.14 10:15:07.882,1.60395,1.60437,2.18,1.50
2012.03.14 10:15:07.951,1.60395,1.6044,2.18,1.50
2012.03.14 10:15:08.022,1.60395,1.60442,1.43,1.50
2012.03.14 10:15:08.540,1.60395,1.60444,2.18,1.50
2012.03.14 10:15:09.004,1.60395,1.60438,2.18,1.50
2012.03.14 10:15:09.326,1.60386,1.60435,2.18,1.50
2012.03.14 10:15:09.394,1.60385,1.6043,2.18,1.50
2012.03.14 10:15:09.702,1.60384,1.60426,1.35,1.50
2012.03.14 10:15:09.909,1.60384,1.60429,1.35,1.50
2012.03.14 10:15:10.564,1.60385,1.60435,2.25,2.93
2012.03.14 10:15:11.412,1.60391,1.60436,1.50,1.43
2012.03.14 10:15:11.739,1.60391,1.60435,2.25,1.43
2012.03.14 10:15:11.812,1.60397,1.60439,2.18,1.50
2012.03.14 10:15:12.133,1.60392,1.60435,2.25,1.43
2012.03.14 10:15:12.439,1.60398,1.60439,2.18,1.43
2012.03.14 10:15:12.796,1.60398,1.60442,2.18,1.43
2012.03.14 10:15:12.920,1.60398,1.60442,3.53,1.43
2012.03.14 10:15:13.050,1.60402,1.60443,1.43,1.43
2012.03.14 10:15:13.913,1.60403,1.60447,1.43,1.43
2012.03.14 10:15:13.984,1.60405,1.60447,1.43,1.43
2012.03.14 10:15:14.316,1.60405,1.60449,1.43,1.43
2012.03.14 10:15:14.438,1.60405,1.60447,1.43,1.43
2012.03.14 10:15:14.956,1.60405,1.60447,2.18,1.43
2012.03.14 10:15:15.682,1.60407,1.60447,2.10,1.43
2012.03.14 10:15:15.990,1.60407,1.60449,2.10,1.43
2012.03.14 10:15:16.343,1.60409,1.60451,1.43,1.43
2012.03.14 10:15:19.043,1.60409,1.60445,1.43,1.50
2012.03.14 10:15:19.433,1.60399,1.60445,1.50,2.25
2012.03.14 10:15:19.503,1.60399,1.60438,1.50,1.50
2012.03.14 10:15:20.072,1.60397,1.60443,1.43,1.50
2012.03.14 10:15:20.151,1.60406,1.60456,1.50,3.68
2012.03.14 10:15:20.227,1.60406,1.60456,1.50,3.68
2012.03.14 10:15:20.363,1.60398,1.60439,1.43,1.43
2012.03.14 10:15:20.499,1.60402,1.60438,1.43,1.50
2012.03.14 10:15:20.840,1.60396,1.60438,2.03,1.50
2012.03.14 10:15:21.446,1.60396,1.60439,2.03,1.43
2012.03.14 10:15:22.942,1.60397,1.6044,1.43,1.43
2012.03.14 10:15:23.151,1.60395,1.60437,3.08,1.43
2012.03.14 10:15:23.664,1.60396,1.60439,1.43,1.43
2012.03.14 10:15:24.053,1.60398,1.60439,1.50,1.43
2012.03.14 10:15:24.387,1.604,1.60439,1.50,1.43
2012.03.14 10:15:24.715,1.604,1.60437,1.50,1.43
2012.03.14 10:15:26.143,1.604,1.6044,1.50,1.43
2012.03.14 10:15:28.530,1.604,1.60436,1.50,1.43
2012.03.14 10:15:28.991,1.60395,1.60436,1.50,1.43
2012.03.14 10:15:32.124,1.604,1.60436,1.50,1.43
2012.03.14 10:15:32.193,1.604,1.60442,1.50,1.43
2012.03.14 10:15:32.261,1.604,1.60439,1.50,1.43
2012.03.14 10:15:35.783,1.60403,1.60439,1.50,1.43
2012.03.14 10:15:35.909,1.60403,1.6045,1.50,1.50
2012.03.14 10:15:36.223,1.60406,1.60454,1.50,2.25
2012.03.14 10:15:36.611,1.60406,1.60451,1.50,2.25
2012.03.14 10:15:36.686,1.60399,1.6044,1.95,1.43
2012.03.14 10:15:36.865,1.60397,1.60438,2.03,1.43
2012.03.14 10:15:37.813,1.604,1.60438,1.50,1.43
2012.03.14 10:15:37.883,1.60401,1.60443,1.43,1.43
2012.03.14 10:15:38.856,1.604,1.60443,1.50,1.43
2012.03.14 10:15:38.931,1.60407,1.60456,1.50,2.25
2012.03.14 10:15:39.684,1.60404,1.60451,2.93,1.50
2012.03.14 10:15:39.870,1.60404,1.60451,3.68,1.50
2012.03.14 10:15:40.186,1.60413,1.60454,1.43,2.25
2012.03.14 10:15:40.759,1.60411,1.60452,1.50,1.43
2012.03.14 10:15:40.840,1.60412,1.60455,2.18,1.43
2012.03.14 10:15:41.524,1.60415,1.60456,2.25,1.43
2012.03.14 10:15:41.655,1.60417,1.60459,2.18,1.43
2012.03.14 10:15:41.724,1.60424,1.60468,1.43,1.50
2012.03.14 10:15:42.645,1.60424,1.6047,1.43,1.50
2012.03.14 10:15:42.717,1.60424,1.6047,1.43,2.25
2012.03.14 10:15:42.902,1.60417,1.60459,1.43,1.43
2012.03.14 10:15:43.805,1.60417,1.60458,1.50,1.43
2012.03.14 10:15:44.364,1.60418,1.60461,1.43,1.43
2012.03.14 10:15:46.434,1.60419,1.60463,1.43,1.43
2012.03.14 10:15:51.370,1.60421,1.60463,1.50,1.43
2012.03.14 10:15:51.460,1.60419,1.60463,2.93,1.43
2012.03.14 10:15:51.801,1.60421,1.60463,1.43,1.43
2012.03.14 10:15:52.111,1.60427,1.60468,1.43,1.50
2012.03.14 10:15:52.465,1.60427,1.60477,2.93,2.25
2012.03.14 10:15:54.042,1.60427,1.60473,1.43,1.50
2012.03.14 10:15:54.701,1.60427,1.60473,1.43,2.25
2012.03.14 10:15:55.263,1.6042,1.60464,1.73,2.18
2012.03.14 10:15:55.328,1.6042,1.60464,1.43,2.18
2012.03.14 10:15:56.495,1.60419,1.60463,1.43,1.43
2012.03.14 10:15:56.874,1.60422,1.60464,1.50,2.18
2012.03.14 10:15:58.104,1.60416,1.60457,1.50,1.43
2012.03.14 10:15:58.172,1.60417,1.60459,1.43,1.43
2012.03.14 10:15:58.241,1.60416,1.60456,1.50,1.43
2012.03.14 10:15:58.793,1.60416,1.60457,1.50,1.43
2012.03.14 10:15:58.934,1.60413,1.60455,1.65,1.43
2012.03.14 10:15:59.006,1.60413,1.60453,1.65,1.43
2012.03.14 10:15:59.264,1.60418,1.60461,1.43,1.50
2012.03.14 10:15:59.392,1.60418,1.60467,1.43,2.25
2012.03.14 10:15:59.791,1.60416,1.60465,1.50,2.18
2012.03.14 10:16:00.571,1.60416,1.60465,1.50,2.18
2012.03.14 10:16:01.741,1.60419,1.60467,1.43,2.25
2012.03.14 10:16:01.811,1.60419,1.60467,1.43,1.50
2012.03.14 10:16:02.311,1.60419,1.60467,1.43,2.25
2012.03.14 10:16:02.753,1.60417,1.60467,1.43,3.68
2012.03.14 10:16:05.425,1.60419,1.60467,1.43,2.25
2012.03.14 10:16:05.496,1.60419,1.60467,1.43,1.50
2012.03.14 10:16:05.685,1.60422,1.60471,1.50,1.50
2012.03.14 10:16:06.030,1.60422,1.60469,1.50,1.43
2012.03.14 10:16:06.354,1.60422,1.60471,1.50,2.25
2012.03.14 10:16:06.543,1.60422,1.60471,1.50,1.50
2012.03.14 10:16:07.403,1.60422,1.60471,1.50,2.25
2012.03.14 10:16:08.782,1.60422,1.60471,1.50,1.50
2012.03.14 10:16:09.060,1.60423,1.60471,1.43,2.25
2012.03.14 10:16:09.223,1.60423,1.60471,1.43,1.50
2012.03.14 10:16:09.913,1.60426,1.60476,1.50,2.25
2012.03.14 10:16:11.127,1.60428,1.6047,1.43,1.50
2012.03.14 10:16:11.307,1.60424,1.6047,1.43,1.50
2012.03.14 10:16:11.442,1.60422,1.60469,1.65,1.43
2012.03.14 10:16:11.883,1.60422,1.60469,1.65,2.18
2012.03.14 10:16:12.532,1.60418,1.60464,1.20,2.25
2012.03.14 10:16:16.052,1.60418,1.60464,1.20,1.50
2012.03.14 10:16:16.121,1.6042,1.60466,2.40,1.50
2012.03.14 10:16:16.193,1.6042,1.60469,2.40,1.43
2012.03.14 10:16:16.505,1.60426,1.6047,1.43,1.50
2012.03.14 10:16:16.689,1.60426,1.60476,1.43,2.25
2012.03.14 10:16:16.761,1.60429,1.60476,1.50,2.25
2012.03.14 10:16:17.389,1.60431,1.60478,1.50,2.18
2012.03.14 10:16:19.151,1.60428,1.60475,1.43,2.25
2012.03.14 10:16:23.210,1.60424,1.60474,2.93,2.18
2012.03.14 10:16:23.683,1.60424,1.60472,1.50,1.43
2012.03.14 10:16:23.995,1.60423,1.60468,1.50,2.93
2012.03.14 10:16:24.561,1.60423,1.60458,1.50,1.43
2012.03.14 10:16:24.648,1.60419,1.60468,1.43,1.50
2012.03.14 10:16:26.148,1.60421,1.60468,1.50,1.50
2012.03.14 10:16:26.284,1.60423,1.60473,1.43,1.50
2012.03.14 10:16:26.706,1.60423,1.60473,2.18,1.50
2012.03.14 10:16:26.939,1.60428,1.60476,1.50,1.43
2012.03.14 10:16:27.695,1.60428,1.60472,1.50,1.50
2012.03.14 10:16:27.763,1.60425,1.60471,1.43,1.50
2012.03.14 10:16:27.835,1.60421,1.60471,1.50,1.50
2012.03.14 10:16:27.899,1.60421,1.60471,2.25,1.50
2012.03.14 10:16:28.495,1.60421,1.60471,1.50,1.50
2012.03.14 10:16:29.480,1.60421,1.60471,2.25,1.50
2012.03.14 10:16:29.789,1.60426,1.60473,2.25,1.43
2012.03.14 10:16:31.919,1.60426,1.60472,2.25,1.43
2012.03.14 10:16:32.572,1.60426,1.60473,2.25,1.43
2012.03.14 10:16:33.533,1.60426,1.60477,2.25,2.93
2012.03.14 10:16:33.759,1.60432,1.60478,1.50,1.43
2012.03.14 10:16:37.384,1.60432,1.60474,1.50,1.43
2012.03.14 10:16:37.751,1.60429,1.60474,1.50,1.43
2012.03.14 10:16:38.161,1.60427,1.60471,2.25,1.43
2012.03.14 10:16:41.619,1.60423,1.60471,1.50,2.93
2012.03.14 10:16:41.985,1.60423,1.60467,1.50,1.43
2012.03.14 10:16:42.595,1.60424,1.60467,1.50,1.43
2012.03.14 10:16:44.113,1.60424,1.60466,1.50,1.43
2012.03.14 10:16:44.456,1.60422,1.60466,1.50,1.43
2012.03.14 10:16:44.836,1.60418,1.60466,1.50,1.43
2012.03.14 10:16:44.906,1.60418,1.60459,1.50,1.43
2012.03.14 10:16:45.044,1.60416,1.60459,1.50,1.43
2012.03.14 10:16:45.239,1.60416,1.60457,2.25,1.43
2012.03.14 10:16:45.592,1.60423,1.60457,1.50,1.43
2012.03.14 10:16:45.783,1.60423,1.60461,1.50,1.43
2012.03.14 10:16:45.852,1.60421,1.60461,1.50,1.43
2012.03.14 10:16:45.923,1.60419,1.60459,1.50,1.43
2012.03.14 10:16:46.608,1.60419,1.6046,2.93,1.43
2012.03.14 10:16:47.915,1.60414,1.60455,2.93,1.43
2012.03.14 10:16:48.113,1.60414,1.60458,3.68,1.43
2012.03.14 10:16:48.184,1.60419,1.60458,1.50,1.43
2012.03.14 10:16:48.255,1.60414,1.60458,3.68,1.43
2012.03.14 10:16:48.909,1.60414,1.60456,2.25,1.43
2012.03.14 10:16:51.921,1.60414,1.60456,2.25,1.43
2012.03.14 10:16:52.475,1.60424,1.60465,2.18,1.43
2012.03.14 10:16:55.447,1.60431,1.60471,1.43,1.50
2012.03.14 10:16:55.581,1.60431,1.60475,1.43,1.43
2012.03.14 10:16:57.303,1.60433,1.60476,1.43,2.93
2012.03.14 10:16:57.620,1.60432,1.60474,1.43,1.43
2012.03.14 10:16:59.392,1.60434,1.60475,1.43,1.43
2012.03.14 10:17:03.576,1.60434,1.60476,1.43,1.50
2012.03.14 10:17:04.236,1.60436,1.60476,1.43,1.50
2012.03.14 10:17:04.588,1.60443,1.60477,1.50,1.43
2012.03.14 10:17:04.781,1.60443,1.60491,2.25,1.43
2012.03.14 10:17:05.455,1.60443,1.60491,1.50,2.03
2012.03.14 10:17:05.585,1.60443,1.60485,1.50,1.43
2012.03.14 10:17:07.210,1.60436,1.60485,2.25,1.43
2012.03.14 10:17:07.340,1.60437,1.60485,1.35,1.43
2012.03.14 10:17:07.471,1.60439,1.60487,2.18,1.50
2012.03.14 10:17:07.982,1.60439,1.60487,1.43,1.50
2012.03.14 10:17:08.050,1.60439,1.60487,2.18,1.50
2012.03.14 10:17:08.252,1.60442,1.60489,2.25,1.43
2012.03.14 10:17:09.682,1.60442,1.6049,2.25,1.43
2012.03.14 10:17:10.610,1.6044,1.60486,3.68,1.50
2012.03.14 10:17:16.611,1.6044,1.60486,1.43,1.50
2012.03.14 10:17:17.004,1.6044,1.60486,2.18,1.50
2012.03.14 10:17:19.080,1.60439,1.60486,1.43,1.50
2012.03.14 10:17:20.840,1.60439,1.60486,2.18,1.50
2012.03.14 10:17:24.530,1.60439,1.60486,1.43,1.50
2012.03.14 10:17:24.953,1.60436,1.60482,2.25,1.50
2012.03.14 10:17:25.281,1.60432,1.60471,1.50,1.43
2012.03.14 10:17:25.349,1.60428,1.60471,1.43,1.43
2012.03.14 10:17:26.151,1.60428,1.60471,2.18,1.43
2012.03.14 10:17:26.501,1.60428,1.60471,1.43,1.43
2012.03.14 10:17:27.801,1.60425,1.60466,1.50,1.43
2012.03.14 10:17:28.179,1.60425,1.60463,1.50,1.50
2012.03.14 10:17:28.250,1.60419,1.60463,1.50,1.50
2012.03.14 10:17:28.324,1.60415,1.60462,2.18,1.50
2012.03.14 10:17:29.479,1.6042,1.60466,1.43,1.50
2012.03.14 10:17:29.925,1.60418,1.6046,1.50,1.43
2012.03.14 10:17:30.234,1.60418,1.60453,1.50,1.43
2012.03.14 10:17:30.367,1.60411,1.60453,1.43,1.43
2012.03.14 10:17:30.558,1.60408,1.60449,1.43,1.50
2012.03.14 10:17:31.232,1.60402,1.60443,1.43,1.43
2012.03.14 10:17:31.552,1.60395,1.60431,2.25,1.43
2012.03.14 10:17:31.683,1.60395,1.60442,2.25,1.50
2012.03.14 10:17:31.884,1.60395,1.60444,2.25,1.50
2012.03.14 10:17:31.954,1.60395,1.60444,2.25,1.50
2012.03.14 10:17:32.080,1.604,1.60446,2.25,1.43
2012.03.14 10:17:32.152,1.604,1.60446,1.50,1.43
2012.03.14 10:17:32.225,1.60408,1.6045,1.43,1.50
2012.03.14 10:17:32.415,1.60408,1.60452,1.43,1.43
2012.03.14 10:17:32.880,1.60407,1.60448,1.43,1.43
2012.03.14 10:17:33.439,1.60409,1.60451,1.43,1.43
2012.03.14 10:17:33.512,1.60407,1.6045,1.43,1.43
2012.03.14 10:17:33.968,1.60407,1.60448,1.43,1.43
2012.03.14 10:17:35.852,1.60407,1.6045,1.43,1.43
2012.03.14 10:17:35.947,1.60407,1.60448,1.43,1.43
2012.03.14 10:17:38.391,1.60403,1.60444,3.68,1.43
2012.03.14 10:17:38.792,1.60403,1.60444,3.68,1.43
2012.03.14 10:17:40.274,1.60402,1.60443,1.35,1.43
2012.03.14 10:17:40.816,1.604,1.60442,2.25,1.43
2012.03.14 10:17:40.881,1.604,1.60442,2.25,1.80
2012.03.14 10:17:41.579,1.60372,1.60393,2.25,1.43
2012.03.14 10:17:41.663,1.60372,1.60393,1.50,1.43
2012.03.14 10:17:41.913,1.60369,1.60393,1.50,1.43
2012.03.14 10:17:41.985,1.60363,1.60393,2.25,1.43
2012.03.14 10:17:43.452,1.60356,1.60391,2.25,1.43
2012.03.14 10:17:43.989,1.60351,1.60389,2.25,1.43
2012.03.14 10:17:46.664,1.60351,1.60382,2.25,1.43
2012.03.14 10:17:46.796,1.60351,1.60385,2.25,1.43
2012.03.14 10:17:46.923,1.60346,1.60385,2.25,1.43
2012.03.14 10:17:46.994,1.60346,1.60385,2.25,1.43
2012.03.14 10:17:47.193,1.60346,1.60385,2.25,1.43
2012.03.14 10:17:47.846,1.60346,1.60382,2.25,1.43
2012.03.14 10:17:48.304,1.60352,1.6038,2.25,1.43
2012.03.14 10:17:48.643,1.60356,1.60378,2.25,1.43
2012.03.14 10:17:49.201,1.60346,1.60377,2.25,1.43
2012.03.14 10:17:49.709,1.6035,1.60378,2.25,1.43
2012.03.14 10:17:53.102,1.6035,1.6038,2.25,1.43
2012.03.14 10:17:53.322,1.6035,1.60378,2.25,1.43
2012.03.14 10:17:55.761,1.60356,1.60383,2.25,1.43
2012.03.14 10:17:56.429,1.60352,1.60386,2.25,1.43
2012.03.14 10:17:56.560,1.60355,1.60381,2.25,1.43
2012.03.14 10:17:56.633,1.60355,1.60383,2.25,1.43
2012.03.14 10:17:57.093,1.60357,1.60385,2.25,1.43
2012.03.14 10:17:57.784,1.60357,1.60383,2.25,1.43
2012.03.14 10:17:57.858,1.60357,1.60386,2.25,1.43
2012.03.14 10:18:00.528,1.60352,1.60382,2.25,1.43
2012.03.14 10:18:00.953,1.60347,1.60377,2.25,1.43
2012.03.14 10:18:01.955,1.60338,1.60376,2.25,1.43
2012.03.14 10:18:02.509,1.6034,1.60377,2.25,1.43
2012.03.14 10:18:03.700,1.60341,1.60374,2.25,1.43
2012.03.14 10:18:05.141,1.60336,1.60373,2.25,1.43
2012.03.14 10:18:05.760,1.60341,1.60375,2.25,1.43
2012.03.14 10:18:06.081,1.60341,1.60373,2.25,1.43
2012.03.14 10:18:06.153,1.60341,1.60375,2.25,1.43
2012.03.14 10:18:06.394,1.60341,1.60375,2.25,1.43
2012.03.14 10:18:06.579,1.60341,1.60374,2.25,1.43
2012.03.14 10:18:07.123,1.60341,1.60375,2.25,1.43
2012.03.14 10:18:07.731,1.6034,1.60375,2.25,1.43
2012.03.14 10:18:07.799,1.6034,1.60373,2.25,1.43
2012.03.14 10:18:08.131,1.60334,1.60373,2.25,1.43
2012.03.14 10:18:08.659,1.60336,1.60374,2.25,1.43
2012.03.14 10:18:08.862,1.60336,1.60373,2.25,1.43
2012.03.14 10:18:09.744,1.60336,1.60379,3.68,1.43
2012.03.14 10:18:12.091,1.60342,1.60382,2.25,1.43
2012.03.14 10:18:14.021,1.60343,1.60378,2.25,1.43
2012.03.14 10:18:18.434,1.60336,1.60378,2.25,1.43
2012.03.14 10:18:23.592,1.60343,1.60378,2.25,1.43
2012.03.14 10:18:24.488,1.60335,1.60378,2.25,1.43
2012.03.14 10:18:24.693,1.6034,1.60378,2.25,1.43
2012.03.14 10:18:24.776,1.6034,1.60378,2.25,1.43
2012.03.14 10:18:29.098,1.6034,1.60379,2.25,1.43
2012.03.14 10:18:36.936,1.60339,1.60379,2.25,1.43
2012.03.14 10:18:37.008,1.60351,1.60394,2.25,1.43
2012.03.14 10:18:37.139,1.60357,1.60398,2.25,1.43
2012.03.14 10:18:37.659,1.60362,1.60408,2.18,1.80
2012.03.14 10:18:37.728,1.60362,1.60408,2.18,1.50
2012.03.14 10:18:37.804,1.60355,1.60399,2.18,1.43
2012.03.14 10:18:40.402,1.60357,1.604,2.18,1.43
2012.03.14 10:18:40.992,1.6036,1.60402,2.18,1.43
2012.03.14 10:18:41.420,1.60365,1.60406,2.18,1.50
2012.03.14 10:18:41.874,1.60365,1.60407,2.18,1.43
2012.03.14 10:18:42.004,1.60369,1.6041,2.18,1.43
2012.03.14 10:18:42.076,1.60369,1.60413,2.18,1.43
2012.03.14 10:18:42.602,1.6037,1.60414,1.43,1.43
2012.03.14 10:18:43.104,1.60375,1.60419,1.43,1.43
2012.03.14 10:18:43.411,1.60374,1.60417,1.43,1.43
2012.03.14 10:18:43.730,1.60374,1.60415,1.43,1.43
2012.03.14 10:18:43.861,1.60371,1.60413,1.43,1.43
2012.03.14 10:18:44.150,1.60374,1.60415,1.43,1.43
2012.03.14 10:18:44.790,1.60371,1.60415,1.43,1.43
2012.03.14 10:18:45.381,1.6037,1.60414,1.43,1.43
2012.03.14 10:18:46.159,1.6037,1.60412,1.43,1.43
2012.03.14 10:18:46.500,1.60369,1.60409,1.43,1.50
2012.03.14 10:18:46.889,1.60369,1.60404,1.43,1.50
2012.03.14 10:18:47.601,1.60369,1.60409,1.43,1.50
2012.03.14 10:18:53.764,1.60371,1.60409,1.43,1.50
2012.03.14 10:18:57.299,1.60369,1.60409,1.43,1.50
2012.03.14 10:18:58.615,1.6037,1.60409,1.43,1.50
2012.03.14 10:19:00.028,1.60368,1.60409,1.43,1.50
2012.03.14 10:19:02.574,1.60362,1.60405,2.18,1.43
2012.03.14 10:19:02.641,1.60362,1.60405,1.43,1.43
2012.03.14 10:19:07.370,1.60362,1.60405,2.18,2.93
2012.03.14 10:19:08.199,1.60362,1.60405,1.43,2.93
2012.03.14 10:19:15.019,1.60362,1.60405,2.18,2.93
2012.03.14 10:19:15.089,1.60362,1.60405,1.43,2.93
2012.03.14 10:19:15.220,1.60365,1.60405,1.43,1.50
2012.03.14 10:19:16.513,1.60364,1.60405,1.43,1.50
2012.03.14 10:19:19.199,1.60364,1.60405,2.18,1.50
2012.03.14 10:19:19.329,1.60364,1.60405,1.43,1.50
2012.03.14 10:19:21.348,1.60364,1.60405,2.18,1.50
2012.03.14 10:19:22.607,1.60364,1.60405,1.43,1.50
2012.03.14 10:19:27.124,1.60364,1.60405,2.18,1.50
2012.03.14 10:19:27.380,1.60364,1.60405,1.43,1.50
2012.03.14 10:19:29.510,1.60363,1.60405,1.43,1.50
2012.03.14 10:19:30.988,1.60364,1.60405,1.43,1.50
2012.03.14 10:19:32.116,1.60363,1.60405,1.43,1.50
2012.03.14 10:19:36.205,1.60365,1.60405,1.43,1.50
2012.03.14 10:19:38.192,1.60365,1.60405,2.18,1.50
2012.03.14 10:19:38.502,1.60369,1.60407,1.43,1.50
2012.03.14 10:19:38.574,1.60369,1.60409,1.43,1.50
2012.03.14 10:19:39.211,1.6037,1.60409,1.43,1.50
2012.03.14 10:19:39.341,1.60359,1.60409,1.50,1.50
2012.03.14 10:19:39.414,1.60358,1.60399,1.43,1.50
2012.03.14 10:19:39.936,1.60352,1.60388,1.33,1.43
2012.03.14 10:19:40.005,1.60348,1.60388,1.50,1.43
2012.03.14 10:19:40.073,1.60342,1.60382,2.25,1.43
2012.03.14 10:19:40.493,1.60342,1.60382,1.50,2.18
2012.03.14 10:19:40.623,1.60333,1.60368,2.25,1.43
2012.03.14 10:19:40.872,1.60334,1.60372,2.25,1.43
2012.03.14 10:19:41.073,1.60334,1.60375,2.25,1.43
2012.03.14 10:19:41.201,1.60339,1.60375,1.50,1.43
2012.03.14 10:19:46.001,1.60337,1.60375,1.50,1.43
2012.03.14 10:19:46.836,1.60334,1.60375,2.25,1.43
2012.03.14 10:19:50.430,1.60338,1.60375,1.50,1.43
2012.03.14 10:19:56.203,1.60334,1.60375,2.25,1.43
2012.03.14 10:20:02.463,1.60332,1.60373,2.25,1.43
2012.03.14 10:20:02.931,1.6033,1.60373,2.18,1.43
2012.03.14 10:20:03.275,1.6033,1.60369,2.25,1.43
2012.03.14 10:20:03.342,1.6033,1.60369,2.25,1.43
2012.03.14 10:20:03.744,1.6033,1.6037,2.25,1.43
2012.03.14 10:20:03.874,1.6033,1.6037,2.25,1.43
2012.03.14 10:20:03.943,1.6033,1.60366,2.25,1.43
2012.03.14 10:20:04.576,1.6033,1.60365,2.25,1.43
2012.03.14 10:20:05.474,1.6032,1.60358,2.25,1.43
2012.03.14 10:20:05.611,1.6032,1.60358,2.25,1.43
2012.03.14 10:20:05.903,1.6032,1.60358,2.25,1.43
2012.03.14 10:20:06.039,1.60325,1.60372,2.25,1.50
2012.03.14 10:20:06.352,1.60334,1.60378,2.18,1.43
2012.03.14 10:20:06.420,1.60334,1.60378,2.18,1.43
2012.03.14 10:20:06.489,1.60342,1.60381,2.18,1.50
2012.03.14 10:20:06.559,1.60342,1.6039,2.18,1.50
2012.03.14 10:20:08.736,1.60342,1.60384,2.18,1.50
2012.03.14 10:20:08.871,1.60342,1.60384,1.43,1.50
2012.03.14 10:20:08.942,1.60338,1.60384,2.18,1.50
2012.03.14 10:20:09.165,1.60342,1.60386,2.18,1.50
2012.03.14 10:20:09.233,1.60342,1.60389,2.18,1.50
2012.03.14 10:20:09.719,1.60342,1.60389,2.18,1.50
2012.03.14 10:20:10.357,1.60346,1.60389,2.18,1.50
2012.03.14 10:20:10.437,1.60346,1.60394,2.18,1.50
2012.03.14 10:20:11.335,1.60346,1.60394,2.18,1.50
2012.03.14 10:20:12.635,1.60346,1.60391,2.18,1.50
2012.03.14 10:20:13.003,1.60346,1.60389,1.43,1.50
2012.03.14 10:20:13.311,1.60346,1.60384,1.43,1.50
2012.03.14 10:20:13.380,1.60346,1.60389,1.43,1.50
2012.03.14 10:20:16.760,1.6034,1.60378,1.50,1.43
2012.03.14 10:20:16.832,1.60337,1.60378,1.43,1.43
2012.03.14 10:20:18.703,1.60337,1.60378,2.18,1.43
2012.03.14 10:20:21.599,1.60346,1.60384,2.18,1.50
2012.03.14 10:20:21.669,1.60346,1.60389,2.18,1.43
2012.03.14 10:20:22.891,1.60344,1.60388,3.68,1.43
2012.03.14 10:20:23.421,1.60349,1.60389,1.50,1.43
2012.03.14 10:20:23.942,1.60349,1.60389,2.25,1.43
2012.03.14 10:20:24.134,1.60352,1.60395,2.18,1.43
2012.03.14 10:20:24.599,1.60353,1.60393,2.25,1.43
2012.03.14 10:20:24.671,1.60353,1.60393,1.50,1.43
2012.03.14 10:20:24.746,1.60359,1.60402,1.43,1.50
2012.03.14 10:20:25.264,1.60361,1.60403,1.50,1.43
2012.03.14 10:20:26.073,1.60359,1.60403,1.43,1.43
2012.03.14 10:20:26.897,1.60359,1.60403,2.18,1.43
2012.03.14 10:20:28.723,1.60361,1.60402,2.25,1.43
2012.03.14 10:20:30.011,1.60361,1.60402,1.50,1.43
2012.03.14 10:20:30.090,1.60361,1.60402,2.25,1.43
2012.03.14 10:20:30.306,1.60361,1.60402,1.50,1.43
2012.03.14 10:20:31.353,1.60361,1.60402,2.25,1.43
2012.03.14 10:20:31.428,1.60362,1.60405,2.18,1.43
2012.03.14 10:20:33.542,1.60364,1.60405,1.43,1.43
2012.03.14 10:20:34.010,1.60365,1.60409,1.43,1.43
2012.03.14 10:20:34.379,1.60364,1.60405,1.43,1.43
2012.03.14 10:20:37.048,1.60364,1.60405,2.18,1.43
2012.03.14 10:20:37.370,1.60364,1.60405,1.43,1.43
2012.03.14 10:20:37.568,1.6037,1.60412,1.43,1.50
2012.03.14 10:20:37.706,1.60371,1.60415,1.43,2.93
2012.03.14 10:20:38.145,1.60371,1.60415,2.33,2.93
2012.03.14 10:20:38.421,1.6038,1.60424,1.43,1.43
2012.03.14 10:20:38.552,1.60377,1.60419,1.50,1.43
2012.03.14 10:20:39.016,1.60377,1.60421,2.93,1.43
2012.03.14 10:20:39.320,1.60377,1.60419,2.93,1.43
2012.03.14 10:20:39.749,1.60377,1.60416,1.43,2.10
2012.03.14 10:20:40.070,1.60363,1.60396,1.50,1.50
2012.03.14 10:20:40.144,1.60358,1.60396,1.50,1.50
2012.03.14 10:20:40.215,1.60357,1.604,1.43,1.43
2012.03.14 10:20:41.181,1.60359,1.60403,1.43,2.18
2012.03.14 10:20:41.309,1.60361,1.60403,1.43,2.18
2012.03.14 10:20:41.954,1.60357,1.60377,2.25,1.43
2012.03.14 10:20:42.031,1.60336,1.60377,2.25,1.43
2012.03.14 10:20:42.284,1.60339,1.60377,1.50,1.43
2012.03.14 10:20:42.505,1.60339,1.6038,2.93,1.50
2012.03.14 10:20:42.577,1.60339,1.6038,3.68,1.50
2012.03.14 10:20:42.820,1.60345,1.60384,1.50,1.43
2012.03.14 10:20:42.955,1.60345,1.60387,2.93,1.43
2012.03.14 10:20:43.031,1.60345,1.60387,1.43,2.03
2012.03.14 10:20:43.510,1.60332,1.60371,2.25,1.43
2012.03.14 10:20:43.591,1.60333,1.60376,2.18,1.50
2012.03.14 10:20:43.787,1.60333,1.60377,1.43,1.43
2012.03.14 10:20:43.926,1.60332,1.60374,1.50,1.43
2012.03.14 10:20:44.243,1.60325,1.60368,2.18,2.93
2012.03.14 10:20:44.788,1.60326,1.60367,2.18,1.43
2012.03.14 10:20:45.305,1.60323,1.60367,1.43,1.43
2012.03.14 10:20:45.370,1.60323,1.60365,1.43,1.43
2012.03.14 10:20:45.729,1.60321,1.60365,2.18,1.43
2012.03.14 10:20:46.235,1.60322,1.60366,2.18,1.43
2012.03.14 10:20:47.764,1.60322,1.60364,2.18,1.43
2012.03.14 10:20:48.078,1.60322,1.60364,3.68,1.43
2012.03.14 10:20:48.525,1.60322,1.60364,3.68,1.43
2012.03.14 10:20:48.599,1.60322,1.60362,2.25,1.43
2012.03.14 10:20:48.794,1.60323,1.60367,2.18,1.43
2012.03.14 10:20:48.921,1.60323,1.60367,2.18,1.43
2012.03.14 10:20:49.264,1.60333,1.60374,2.25,1.50
2012.03.14 10:20:49.333,1.60338,1.60382,2.25,1.43
2012.03.14 10:20:49.465,1.60338,1.60382,1.50,1.43
2012.03.14 10:20:49.724,1.60333,1.60382,2.25,1.43
2012.03.14 10:20:50.602,1.60334,1.60383,2.18,1.50
2012.03.14 10:20:51.232,1.60337,1.60383,1.50,1.50
2012.03.14 10:20:51.300,1.60339,1.60385,1.50,1.43
2012.03.14 10:20:52.000,1.60339,1.60387,1.50,1.43
2012.03.14 10:20:54.144,1.60339,1.60371,1.50,1.43
2012.03.14 10:20:54.211,1.60332,1.60371,2.25,1.43
2012.03.14 10:20:54.338,1.60332,1.60371,1.50,1.43
2012.03.14 10:20:55.703,1.60332,1.60373,1.50,1.43
2012.03.14 10:20:56.228,1.60332,1.60373,2.25,1.43
2012.03.14 10:20:56.541,1.60332,1.60373,1.50,1.43
2012.03.14 10:20:56.671,1.60336,1.60373,1.50,1.43
2012.03.14 10:20:57.128,1.60336,1.60371,1.50,1.43
2012.03.14 10:20:57.201,1.60331,1.60371,1.50,1.43
2012.03.14 10:21:02.235,1.60331,1.60369,1.50,1.43
2012.03.14 10:21:06.666,1.60331,1.60369,2.25,1.43
2012.03.14 10:21:17.281,1.60331,1.60369,1.50,1.43
2012.03.14 10:21:17.357,1.60329,1.60369,1.50,1.43
2012.03.14 10:21:17.421,1.60326,1.60369,3.68,1.43
2012.03.14 10:21:17.493,1.60328,1.60372,1.43,1.43
2012.03.14 10:21:18.534,1.60328,1.60372,2.18,1.43
2012.03.14 10:21:18.723,1.60333,1.60375,2.18,1.43
2012.03.14 10:21:19.279,1.60334,1.60376,2.18,1.43
2012.03.14 10:21:19.776,1.60337,1.6038,2.18,1.43
2012.03.14 10:21:20.050,1.60339,1.60381,1.43,1.43
2012.03.14 10:21:21.065,1.60337,1.60379,2.25,1.43
2012.03.14 10:21:21.591,1.60337,1.60378,2.18,1.43
2012.03.14 10:21:29.257,1.60334,1.60376,2.18,1.43
2012.03.14 10:21:29.513,1.60335,1.60378,2.25,1.43
2012.03.14 10:21:29.821,1.6034,1.60378,1.50,1.43
2012.03.14 10:21:30.011,1.6034,1.60382,1.50,1.43
2012.03.14 10:21:30.603,1.60345,1.60382,1.50,1.43
2012.03.14 10:21:30.737,1.60345,1.60387,3.68,1.43
2012.03.14 10:21:31.270,1.60345,1.60388,3.68,1.43
2012.03.14 10:21:31.413,1.6035,1.60388,1.50,1.43
2012.03.14 10:21:31.964,1.6035,1.60389,1.50,1.43
2012.03.14 10:21:34.763,1.6035,1.60388,1.50,1.43
2012.03.14 10:21:34.969,1.60345,1.60388,2.18,1.43
2012.03.14 10:21:36.320,1.6035,1.60388,1.50,1.43
2012.03.14 10:21:36.570,1.6035,1.6039,1.50,1.43
2012.03.14 10:21:36.698,1.6035,1.60392,1.50,1.43
2012.03.14 10:21:38.152,1.6035,1.60388,1.50,1.43
2012.03.14 10:21:39.615,1.6035,1.6039,1.50,1.43
2012.03.14 10:21:41.763,1.60348,1.6039,1.43,1.43
2012.03.14 10:21:42.646,1.60351,1.6039,1.50,1.43
2012.03.14 10:21:42.797,1.60349,1.6039,1.50,1.43
2012.03.14 10:21:44.474,1.60348,1.6039,1.43,1.43
2012.03.14 10:21:49.485,1.6035,1.60393,1.43,1.43
2012.03.14 10:21:49.794,1.60358,1.604,1.43,1.43
2012.03.14 10:21:49.924,1.60359,1.60402,1.43,1.43
2012.03.14 10:21:50.185,1.60357,1.60401,1.43,1.43
2012.03.14 10:21:50.666,1.60359,1.60402,1.43,1.43
2012.03.14 10:21:51.220,1.6036,1.60403,1.43,1.43
2012.03.14 10:21:51.292,1.60358,1.60403,1.43,1.43
2012.03.14 10:21:52.266,1.60361,1.60405,1.43,2.25
2012.03.14 10:21:52.866,1.6036,1.60403,1.43,2.18
2012.03.14 10:21:53.286,1.60358,1.60403,1.43,2.18
2012.03.14 10:21:53.471,1.6036,1.60403,1.43,2.18
2012.03.14 10:21:54.261,1.60359,1.60402,1.43,1.43
2012.03.14 10:21:54.781,1.6036,1.60403,1.43,2.18
2012.03.14 10:21:58.191,1.6036,1.60403,1.43,2.48
2012.03.14 10:21:58.443,1.60331,1.60374,2.16,1.43
2012.03.14 10:21:58.510,1.60333,1.60374,1.41,1.43
2012.03.14 10:21:59.531,1.60331,1.60373,2.25,1.43
2012.03.14 10:22:00.669,1.60331,1.60374,2.25,1.43
2012.03.14 10:22:01.870,1.60331,1.60371,2.25,1.43
2012.03.14 10:22:02.203,1.60331,1.60368,2.18,1.43
2012.03.14 10:22:02.275,1.60333,1.60376,1.65,2.78
2012.03.14 10:22:02.348,1.60329,1.60363,1.50,1.43
2012.03.14 10:22:02.670,1.60337,1.6037,1.43,1.50
2012.03.14 10:22:02.865,1.60331,1.6037,1.43,1.50
2012.03.14 10:22:03.353,1.60338,1.60377,1.50,1.43
2012.03.14 10:22:03.915,1.60338,1.60378,1.50,1.43
2012.03.14 10:22:06.033,1.60338,1.60377,1.50,1.43
2012.03.14 10:22:06.915,1.60338,1.60379,1.50,1.43
2012.03.14 10:22:10.584,1.60339,1.60382,1.43,1.43
2012.03.14 10:22:10.652,1.60338,1.60377,1.50,1.43
2012.03.14 10:22:10.849,1.60333,1.60377,1.50,1.43
2012.03.14 10:22:11.142,1.60339,1.60381,1.43,1.50
2012.03.14 10:22:11.577,1.6034,1.60383,1.43,1.43
2012.03.14 10:22:12.359,1.6033,1.60362,1.50,1.43
2012.03.14 10:22:12.430,1.60325,1.60362,1.35,1.43
2012.03.14 10:22:12.498,1.60325,1.60366,1.35,1.43
2012.03.14 10:22:12.572,1.6033,1.60368,1.43,1.50
2012.03.14 10:22:12.649,1.6033,1.60373,1.43,1.50
2012.03.14 10:22:12.717,1.60333,1.60376,1.50,1.50
2012.03.14 10:22:13.038,1.60333,1.60375,2.25,1.43
2012.03.14 10:22:13.109,1.60338,1.60381,1.43,1.50
2012.03.14 10:22:13.307,1.60338,1.60381,1.43,2.25
2012.03.14 10:22:13.699,1.60332,1.60375,1.43,2.18
2012.03.14 10:22:13.775,1.60329,1.60373,1.43,1.43
2012.03.14 10:22:14.228,1.60332,1.60373,1.43,1.43
2012.03.14 10:22:14.908,1.60327,1.60368,2.93,1.43
2012.03.14 10:22:16.156,1.60328,1.60368,1.50,1.43
2012.03.14 10:22:27.936,1.60327,1.60368,1.43,1.43
2012.03.14 10:22:33.989,1.60327,1.60368,2.18,1.43
2012.03.14 10:22:37.860,1.60324,1.60366,3.68,1.43
2012.03.14 10:22:38.393,1.60333,1.60376,1.35,3.00
2012.03.14 10:22:38.465,1.60343,1.60376,1.43,1.50
2012.03.14 10:22:38.600,1.6034,1.60376,1.50,1.50
2012.03.14 10:22:38.667,1.6034,1.60379,1.50,1.43
2012.03.14 10:22:39.133,1.60338,1.60379,1.43,1.43
2012.03.14 10:22:41.809,1.60338,1.60382,1.43,1.43
2012.03.14 10:22:46.776,1.60335,1.60377,2.25,1.43
2012.03.14 10:22:46.917,1.60333,1.60377,1.43,1.43
2012.03.14 10:22:48.653,1.60332,1.60376,2.18,1.43
2012.03.14 10:22:48.824,1.60338,1.60378,1.43,1.50
2012.03.14 10:22:48.994,1.60338,1.60384,1.43,1.50
2012.03.14 10:22:49.525,1.60338,1.60389,1.43,1.50
2012.03.14 10:22:53.134,1.60338,1.60389,2.18,2.93
2012.03.14 10:22:53.798,1.60349,1.60384,1.50,1.43
2012.03.14 10:22:53.869,1.60347,1.60384,1.50,1.43
2012.03.14 10:22:54.441,1.60345,1.60383,2.25,1.43
2012.03.14 10:22:55.856,1.60339,1.60384,2.25,1.43
2012.03.14 10:22:57.176,1.60339,1.60382,2.25,1.43
2012.03.14 10:22:57.994,1.60339,1.60385,2.25,1.43
2012.03.14 10:22:58.125,1.60339,1.60385,1.50,1.43
2012.03.14 10:22:58.326,1.60344,1.60388,2.18,1.50
2012.03.14 10:22:58.403,1.60344,1.6039,3.68,1.50
2012.03.14 10:22:58.858,1.60349,1.6039,1.50,1.50
2012.03.14 10:22:58.933,1.60365,1.60402,1.50,1.43
2012.03.14 10:22:59.124,1.6036,1.60403,1.50,1.43
2012.03.14 10:22:59.319,1.6036,1.60409,1.50,2.93
2012.03.14 10:22:59.387,1.60364,1.60409,1.50,2.93
2012.03.14 10:22:59.579,1.6036,1.60408,1.50,1.43
2012.03.14 10:22:59.650,1.6036,1.60406,1.50,1.43
2012.03.14 10:22:59.967,1.60364,1.60404,1.50,1.43
2012.03.14 10:23:00.447,1.60366,1.60404,1.50,1.43
2012.03.14 10:23:00.575,1.6036,1.60404,1.50,1.43
2012.03.14 10:23:00.887,1.6036,1.60401,1.50,1.43
2012.03.14 10:23:00.957,1.60356,1.60401,1.50,1.43
2012.03.14 10:23:01.309,1.60361,1.60405,1.43,1.50
2012.03.14 10:23:01.658,1.60365,1.60406,1.50,1.43
2012.03.14 10:23:02.295,1.60372,1.60414,1.43,1.65
2012.03.14 10:23:02.366,1.60388,1.60419,1.43,1.50
2012.03.14 10:23:02.438,1.60388,1.60429,1.43,2.25
2012.03.14 10:23:02.626,1.60382,1.60425,1.43,1.43
2012.03.14 10:23:03.463,1.60382,1.60427,1.43,1.43
2012.03.14 10:23:03.596,1.60385,1.60429,1.43,1.50
2012.03.14 10:23:03.916,1.60394,1.60437,1.43,2.18
2012.03.14 10:23:04.329,1.60394,1.60437,1.43,1.43
2012.03.14 10:23:05.110,1.60395,1.60439,1.43,2.93
2012.03.14 10:23:05.216,1.60395,1.60439,1.43,3.68
2012.03.14 10:23:05.374,1.60393,1.60438,1.43,2.18
2012.03.14 10:23:05.455,1.60393,1.60438,1.43,2.18
2012.03.14 10:23:05.588,1.6038,1.60428,3.38,2.25
2012.03.14 10:23:06.497,1.6038,1.60424,1.65,2.25
2012.03.14 10:23:06.868,1.60381,1.60419,1.43,1.50
2012.03.14 10:23:06.936,1.60375,1.60419,1.43,1.50
2012.03.14 10:23:07.791,1.60379,1.60419,1.43,1.50
2012.03.14 10:23:07.999,1.60383,1.60425,1.43,1.50
2012.03.14 10:23:08.434,1.6038,1.60422,1.43,2.18
2012.03.14 10:23:08.504,1.60385,1.60425,1.43,2.25
2012.03.14 10:23:08.578,1.60381,1.60425,1.43,2.25
2012.03.14 10:23:08.649,1.60381,1.60426,1.43,1.43
2012.03.14 10:23:09.792,1.60381,1.60426,1.43,3.68
2012.03.14 10:23:10.007,1.60376,1.60419,1.43,1.43
2012.03.14 10:23:10.390,1.6038,1.60414,1.43,2.25
2012.03.14 10:23:10.475,1.60377,1.60414,1.43,1.50
2012.03.14 10:23:10.541,1.60377,1.60419,1.43,1.50
2012.03.14 10:23:11.872,1.60378,1.60419,1.43,1.50
2012.03.14 10:23:12.213,1.60376,1.60419,1.43,1.50
2012.03.14 10:23:12.781,1.60374,1.60418,1.65,1.43
2012.03.14 10:23:13.284,1.60374,1.60418,1.88,1.43
2012.03.14 10:23:13.828,1.60376,1.60419,2.03,1.50
2012.03.14 10:23:14.079,1.60383,1.60426,1.43,2.18
2012.03.14 10:23:14.223,1.60384,1.60428,1.43,2.93
2012.03.14 10:23:14.770,1.60386,1.60428,1.43,1.50
2012.03.14 10:23:14.966,1.60388,1.60431,1.43,2.93
2012.03.14 10:23:16.670,1.60389,1.60431,1.43,1.50
2012.03.14 10:23:17.742,1.60387,1.60431,1.43,2.25
2012.03.14 10:23:19.544,1.60388,1.6043,1.43,2.18
2012.03.14 10:23:19.799,1.60388,1.6043,1.43,1.43
2012.03.14 10:23:19.998,1.60388,1.60427,1.43,1.50
2012.03.14 10:23:20.106,1.60388,1.6043,1.43,1.43
2012.03.14 10:23:24.378,1.60388,1.6043,1.43,2.18
2012.03.14 10:23:24.449,1.60382,1.6042,1.50,1.43
2012.03.14 10:23:24.577,1.60382,1.60425,1.50,2.78
2012.03.14 10:23:24.649,1.60382,1.60417,1.50,1.43
2012.03.14 10:23:24.718,1.60377,1.60417,1.50,1.43
2012.03.14 10:23:25.164,1.60373,1.60415,2.93,1.43
2012.03.14 10:23:25.536,1.60375,1.60416,1.43,1.43
2012.03.14 10:23:25.608,1.60377,1.60421,1.43,2.93
2012.03.14 10:23:25.679,1.60379,1.60421,1.50,1.43
2012.03.14 10:23:26.277,1.60377,1.60421,1.43,1.43
2012.03.14 10:23:29.476,1.60379,1.60422,1.43,1.43
2012.03.14 10:23:30.179,1.60377,1.60421,1.43,1.43
2012.03.14 10:23:30.388,1.60374,1.60417,2.93,1.43
2012.03.14 10:23:31.320,1.60375,1.60419,1.43,1.43
2012.03.14 10:23:34.543,1.6038,1.60421,1.43,1.43
2012.03.14 10:23:36.865,1.60381,1.60422,1.43,1.43
2012.03.14 10:23:37.275,1.60379,1.60422,2.93,1.43
2012.03.14 10:23:39.237,1.60378,1.6042,1.43,1.43
2012.03.14 10:23:40.675,1.60377,1.60419,1.43,1.43
2012.03.14 10:23:40.914,1.60379,1.60422,1.43,1.43
2012.03.14 10:23:43.008,1.60377,1.60421,1.43,1.43
2012.03.14 10:23:43.133,1.60377,1.60419,1.43,1.43
2012.03.14 10:23:44.113,1.60377,1.60421,1.43,1.43
2012.03.14 10:23:46.856,1.60377,1.60419,1.43,1.43
2012.03.14 10:23:46.922,1.60375,1.60419,1.43,1.43
2012.03.14 10:23:47.749,1.60375,1.60416,2.18,1.43
2012.03.14 10:23:48.709,1.60381,1.60424,1.43,1.50
2012.03.14 10:23:49.185,1.60376,1.60424,1.43,2.25
2012.03.14 10:23:49.316,1.60381,1.60429,1.50,2.18
2012.03.14 10:23:49.388,1.60384,1.60429,1.50,1.43
2012.03.14 10:23:49.457,1.60386,1.60429,1.50,1.43
2012.03.14 10:23:49.676,1.60381,1.60429,1.50,1.43
2012.03.14 10:23:54.884,1.60387,1.60429,1.50,1.43
2012.03.14 10:23:56.900,1.60381,1.60429,1.50,1.43
2012.03.14 10:23:57.037,1.60381,1.60427,1.50,1.50
2012.03.14 10:23:57.481,1.60379,1.60426,1.43,2.25
2012.03.14 10:23:58.124,1.60379,1.60421,1.43,1.50
2012.03.14 10:23:58.645,1.60379,1.60425,1.43,1.50
2012.03.14 10:23:58.717,1.60381,1.60429,1.50,2.93
2012.03.14 10:24:11.845,1.60381,1.60429,1.50,3.68
2012.03.14 10:24:11.977,1.60381,1.60429,1.50,2.93
2012.03.14 10:24:12.044,1.60381,1.60429,1.50,3.68
2012.03.14 10:24:12.151,1.60381,1.60429,1.50,2.93
2012.03.14 10:24:12.557,1.60381,1.60426,1.50,2.25
2012.03.14 10:24:12.630,1.60376,1.60425,1.43,2.25
2012.03.14 10:24:13.090,1.60375,1.60425,2.25,1.50
2012.03.14 10:24:14.175,1.60375,1.60425,1.50,2.25
2012.03.14 10:24:14.455,1.60375,1.60425,2.25,1.50
2012.03.14 10:24:15.725,1.60375,1.60425,1.50,2.25
2012.03.14 10:24:21.607,1.60375,1.60425,2.25,1.50
2012.03.14 10:24:21.936,1.60381,1.60429,1.50,2.93
2012.03.14 10:24:23.151,1.60381,1.60429,2.93,2.25
2012.03.14 10:24:23.509,1.60383,1.60429,1.43,2.25
2012.03.14 10:24:23.815,1.60385,1.6043,1.43,2.25
2012.03.14 10:24:25.543,1.60385,1.6043,1.43,1.50
2012.03.14 10:24:25.630,1.60399,1.6044,1.43,2.25
2012.03.14 10:24:26.137,1.60394,1.60436,2.03,2.18
2012.03.14 10:24:26.463,1.60389,1.60432,1.50,1.43
2012.03.14 10:24:26.541,1.60388,1.60432,1.43,2.18
2012.03.14 10:24:27.004,1.60388,1.6043,1.43,1.43
2012.03.14 10:24:27.089,1.60383,1.60425,3.23,1.43
2012.03.14 10:24:27.587,1.60386,1.60426,1.73,1.50
2012.03.14 10:24:27.962,1.60386,1.60427,1.73,2.18
2012.03.14 10:24:28.649,1.60375,1.60421,2.16,2.25
2012.03.14 10:24:28.725,1.60373,1.60414,2.08,2.25
2012.03.14 10:24:28.922,1.60379,1.60422,1.43,2.25
