2011.01.06 11:00:00.937,1.72952,1.73021,1.28,1.58
2011.01.06 11:00:01.913,1.72965,1.73022,1.28,3.79
2011.01.06 11:00:02.018,1.72953,1.73022,1.28,3.79
2011.01.06 11:00:02.128,1.72953,1.73022,1.28,2.55
2011.01.06 11:00:02.238,1.72953,1.7302,1.28,3.60
2011.01.06 11:00:02.823,1.72952,1.73009,1.28,1.28
2011.01.06 11:00:02.931,1.72952,1.73019,1.28,3.60
2011.01.06 11:00:03.038,1.72952,1.73019,1.28,1.58
2011.01.06 11:00:03.148,1.72952,1.73022,1.73,1.58
2011.01.06 11:00:03.744,1.72966,1.73025,1.28,3.79
2011.01.06 11:00:03.850,1.72965,1.73034,1.28,5.14
2011.01.06 11:00:04.398,1.72978,1.73035,1.28,3.42
2011.01.06 11:00:04.859,1.72978,1.73037,1.28,1.58
2011.01.06 11:00:04.970,1.72978,1.73037,1.28,3.79
2011.01.06 11:00:05.078,1.72978,1.73037,1.28,3.42
2011.01.06 11:00:05.188,1.72978,1.73037,1.28,1.58
2011.01.06 11:00:05.300,1.72991,1.73041,1.28,1.43
2011.01.06 11:00:05.760,1.72991,1.73043,1.28,4.39
2011.01.06 11:00:05.892,1.72991,1.7305,1.28,4.02
2011.01.06 11:00:05.999,1.72991,1.7305,1.28,1.58
2011.01.06 11:00:06.649,1.72991,1.7305,1.28,4.02
2011.01.06 11:00:07.583,1.73006,1.73054,1.28,5.29
2011.01.06 11:00:08.189,1.73005,1.73059,1.28,5.29
2011.01.06 11:00:08.323,1.73018,1.73064,1.28,5.14
2011.01.06 11:00:08.440,1.72995,1.73064,1.73,5.14
2011.01.06 11:00:08.549,1.73017,1.73071,1.28,5.52
2011.01.06 11:00:08.909,1.73017,1.73071,1.28,2.03
2011.01.06 11:00:09.024,1.73014,1.73071,1.28,4.02
2011.01.06 11:00:09.140,1.73014,1.73071,1.28,1.58
2011.01.06 11:00:09.710,1.73014,1.73071,1.28,3.60
2011.01.06 11:00:09.928,1.73023,1.73083,1.28,5.29
2011.01.06 11:00:10.039,1.73023,1.7308,1.28,5.29
2011.01.06 11:00:10.501,1.73019,1.7308,1.28,4.02
2011.01.06 11:00:11.201,1.73008,1.73067,1.28,3.79
2011.01.06 11:00:11.876,1.7301,1.73079,1.28,3.79
2011.01.06 11:00:11.993,1.73022,1.73073,1.28,1.20
2011.01.06 11:00:12.112,1.73009,1.7308,1.28,4.02
2011.01.06 11:00:12.664,1.73016,1.73073,1.28,1.20
2011.01.06 11:00:13.056,1.73015,1.73063,1.28,1.20
2011.01.06 11:00:13.619,1.72994,1.73071,1.73,4.02
2011.01.06 11:00:13.733,1.72994,1.73071,1.28,4.02
2011.01.06 11:00:13.849,1.72994,1.73062,1.28,1.20
2011.01.06 11:00:14.632,1.72994,1.73052,1.28,1.20
2011.01.06 11:00:14.739,1.72981,1.73052,1.28,1.20
2011.01.06 11:00:14.848,1.72978,1.73052,1.28,1.20
2011.01.06 11:00:14.958,1.72979,1.7306,1.28,5.52
2011.01.06 11:00:16.375,1.72975,1.73053,2.55,1.20
2011.01.06 11:00:16.819,1.72978,1.73058,1.28,5.10
2011.01.06 11:00:17.383,1.72979,1.73053,1.28,1.20
2011.01.06 11:00:17.488,1.72976,1.73053,1.28,1.20
2011.01.06 11:00:17.599,1.72976,1.73043,1.28,1.20
2011.01.06 11:00:17.708,1.72969,1.73044,1.28,3.64
2011.01.06 11:00:18.115,1.72975,1.73044,1.28,3.42
2011.01.06 11:00:18.232,1.72965,1.73047,1.28,5.14
2011.01.06 11:00:18.923,1.72975,1.73045,1.28,5.14
2011.01.06 11:00:19.040,1.72966,1.73042,1.28,1.20
2011.01.06 11:00:19.549,1.72966,1.73047,1.28,5.52
2011.01.06 11:00:20.840,1.72966,1.73051,1.28,3.79
2011.01.06 11:00:21.533,1.7297,1.73049,1.28,4.02
2011.01.06 11:00:21.652,1.72976,1.73052,1.28,2.10
2011.01.06 11:00:22.469,1.72979,1.73057,1.28,5.10
2011.01.06 11:00:22.579,1.72979,1.7306,1.28,2.18
2011.01.06 11:00:22.908,1.72979,1.7306,1.28,5.52
2011.01.06 11:00:23.839,1.72989,1.73064,1.28,8.33
2011.01.06 11:00:23.948,1.72989,1.73062,1.28,1.20
2011.01.06 11:00:24.608,1.72992,1.73062,1.28,1.20
2011.01.06 11:00:26.150,1.72988,1.73062,1.28,1.20
2011.01.06 11:00:26.477,1.72988,1.73052,1.28,1.20
2011.01.06 11:00:26.697,1.72988,1.73062,1.28,1.20
2011.01.06 11:00:26.940,1.72988,1.73063,1.28,5.29
2011.01.06 11:00:27.052,1.72988,1.73063,1.28,5.29
2011.01.06 11:00:27.418,1.72988,1.73063,1.28,5.29
2011.01.06 11:00:27.855,1.72991,1.73063,1.28,1.20
2011.01.06 11:00:31.247,1.72991,1.73052,1.28,1.20
2011.01.06 11:00:31.360,1.72978,1.73052,1.28,1.20
2011.01.06 11:00:31.730,1.72978,1.73024,1.28,1.28
2011.01.06 11:00:32.195,1.72978,1.73016,1.28,1.28
2011.01.06 11:00:32.308,1.72965,1.73015,1.28,1.28
2011.01.06 11:00:32.528,1.72967,1.73015,1.28,1.28
2011.01.06 11:00:33.142,1.72948,1.73015,1.20,1.28
2011.01.06 11:00:33.251,1.72949,1.7301,1.20,1.28
2011.01.06 11:00:35.189,1.72963,1.7301,1.28,1.28
2011.01.06 11:00:35.518,1.73038,1.73045,1.28,1.88
2011.01.06 11:00:35.739,1.73038,1.73054,1.28,1.35
2011.01.06 11:00:36.136,1.72938,1.73033,1.92,1.28
2011.01.06 11:00:36.247,1.72998,1.73019,1.28,1.28
2011.01.06 11:00:36.360,1.72998,1.7303,1.28,1.28
2011.01.06 11:00:37.919,1.72998,1.73065,1.28,4.58
2011.01.06 11:00:38.499,1.73001,1.73064,1.28,1.43
2011.01.06 11:00:38.942,1.73001,1.73064,1.28,3.42
2011.01.06 11:00:39.057,1.73001,1.73064,1.28,1.35
2011.01.06 11:00:39.709,1.73001,1.73064,1.28,3.42
2011.01.06 11:00:41.659,1.72998,1.73065,1.73,1.28
2011.01.06 11:00:41.877,1.73011,1.7307,1.28,1.88
2011.01.06 11:00:42.097,1.73011,1.73074,1.28,2.03
2011.01.06 11:00:42.537,1.72998,1.73065,1.73,1.43
2011.01.06 11:00:42.643,1.72989,1.73062,1.73,1.88
2011.01.06 11:00:42.759,1.73001,1.73062,1.28,2.03
2011.01.06 11:00:43.559,1.73016,1.73069,1.28,1.88
2011.01.06 11:00:43.668,1.73016,1.73079,1.28,1.58
2011.01.06 11:00:45.789,1.73016,1.73079,1.28,1.43
2011.01.06 11:00:46.578,1.73016,1.73079,1.28,4.54
2011.01.06 11:00:46.909,1.73013,1.7307,1.28,1.43
2011.01.06 11:00:48.621,1.73003,1.73066,1.28,1.35
2011.01.06 11:00:49.110,1.7302,1.73073,1.28,1.50
2011.01.06 11:00:49.330,1.7301,1.73069,1.28,1.58
2011.01.06 11:00:49.932,1.73009,1.7307,1.28,6.79
2011.01.06 11:00:50.809,1.73009,1.73067,1.28,2.03
2011.01.06 11:00:51.310,1.7302,1.73069,1.28,2.03
2011.01.06 11:00:51.528,1.73004,1.73069,1.73,1.43
2011.01.06 11:00:51.967,1.73019,1.73074,1.28,8.10
2011.01.06 11:00:53.715,1.73019,1.73074,1.28,1.43
2011.01.06 11:00:54.822,1.73019,1.73074,1.28,3.64
2011.01.06 11:00:55.479,1.73019,1.73074,1.28,3.64
2011.01.06 11:00:56.129,1.73019,1.73072,1.28,1.20
2011.01.06 11:00:56.747,1.73019,1.73074,1.28,3.79
2011.01.06 11:00:56.867,1.7301,1.73062,1.28,1.43
2011.01.06 11:00:57.351,1.7301,1.73069,1.28,6.98
2011.01.06 11:00:58.350,1.72992,1.73058,1.28,1.28
2011.01.06 11:00:58.857,1.72992,1.73062,1.28,1.43
2011.01.06 11:00:59.472,1.72992,1.73062,1.28,1.58
2011.01.06 11:01:00.191,1.73002,1.73064,1.28,3.64
2011.01.06 11:01:00.299,1.72991,1.73058,1.28,1.58
2011.01.06 11:01:02.886,1.72991,1.73052,1.28,1.28
2011.01.06 11:01:02.996,1.72991,1.73055,1.28,1.09
2011.01.06 11:01:03.349,1.72989,1.73052,1.28,2.22
2011.01.06 11:01:03.902,1.72989,1.7305,1.28,2.48
2011.01.06 11:01:04.683,1.72989,1.7305,1.28,2.22
2011.01.06 11:01:05.229,1.72989,1.73052,1.28,2.22
2011.01.06 11:01:05.517,1.72989,1.73052,1.28,2.22
2011.01.06 11:01:05.848,1.72979,1.73043,1.28,1.02
2011.01.06 11:01:06.499,1.72978,1.73043,1.28,2.40
2011.01.06 11:01:07.352,1.72978,1.73043,1.28,1.02
2011.01.06 11:01:07.460,1.72978,1.73042,1.28,1.02
2011.01.06 11:01:08.081,1.72975,1.73037,1.28,1.54
2011.01.06 11:01:08.697,1.72964,1.73027,1.28,1.28
2011.01.06 11:01:11.099,1.72968,1.73022,1.28,1.28
2011.01.06 11:01:13.335,1.7298,1.73036,1.28,1.47
2011.01.06 11:01:13.560,1.72968,1.73035,1.62,1.28
2011.01.06 11:01:13.779,1.72968,1.73035,1.28,2.22
2011.01.06 11:01:14.276,1.72968,1.73022,1.28,1.28
2011.01.06 11:01:18.549,1.72968,1.73035,2.37,1.65
2011.01.06 11:01:18.659,1.72968,1.73035,1.47,1.84
2011.01.06 11:01:19.048,1.72968,1.73035,1.28,3.83
2011.01.06 11:01:19.160,1.72968,1.73022,1.28,1.28
2011.01.06 11:01:20.488,1.72967,1.73028,1.28,1.28
2011.01.06 11:01:21.014,1.72967,1.73028,1.43,1.28
2011.01.06 11:01:22.688,1.72967,1.73028,1.62,1.28
2011.01.06 11:01:22.798,1.72968,1.73041,1.62,4.13
2011.01.06 11:01:23.541,1.72968,1.73041,3.72,4.13
2011.01.06 11:01:24.029,1.72968,1.73041,1.47,4.13
2011.01.06 11:01:24.888,1.72968,1.73041,1.47,4.13
2011.01.06 11:01:26.468,1.72968,1.73041,1.47,2.03
2011.01.06 11:01:26.798,1.72981,1.7304,1.28,2.03
2011.01.06 11:01:27.468,1.72981,1.7304,1.28,2.03
2011.01.06 11:01:30.068,1.72981,1.7304,1.28,1.28
2011.01.06 11:01:30.514,1.72981,1.7304,2.22,1.28
2011.01.06 11:01:30.622,1.72981,1.73054,2.22,2.22
2011.01.06 11:01:31.208,1.72981,1.73054,2.22,4.56
2011.01.06 11:01:31.318,1.72981,1.73052,1.47,1.32
2011.01.06 11:01:32.067,1.72981,1.73053,1.47,1.32
2011.01.06 11:01:32.729,1.72981,1.73053,1.47,1.32
2011.01.06 11:01:32.962,1.72981,1.7305,1.47,1.65
2011.01.06 11:01:35.396,1.72981,1.73054,1.47,4.13
2011.01.06 11:01:36.390,1.72981,1.73054,1.47,4.09
2011.01.06 11:01:37.043,1.72981,1.73054,1.47,4.13
2011.01.06 11:01:37.268,1.7298,1.73046,1.47,1.39
2011.01.06 11:01:37.489,1.7298,1.73049,1.47,1.84
2011.01.06 11:01:37.972,1.72963,1.73045,3.49,1.32
2011.01.06 11:01:39.137,1.7296,1.73047,1.95,3.12
2011.01.06 11:01:39.681,1.72959,1.73047,7.53,1.84
2011.01.06 11:01:40.113,1.72959,1.73047,3.12,4.02
2011.01.06 11:01:40.229,1.72966,1.73048,1.28,7.20
2011.01.06 11:01:40.742,1.72972,1.73054,1.47,7.28
2011.01.06 11:01:41.531,1.72986,1.73058,1.28,1.28
2011.01.06 11:01:42.427,1.72986,1.73066,1.28,4.09
2011.01.06 11:01:43.274,1.72985,1.73057,1.28,2.22
2011.01.06 11:01:43.609,1.72966,1.73043,1.95,2.22
2011.01.06 11:01:44.005,1.72966,1.73043,2.14,1.47
2011.01.06 11:01:44.125,1.72984,1.73058,1.28,4.13
2011.01.06 11:01:44.461,1.72998,1.73057,1.28,2.03
2011.01.06 11:01:44.982,1.72998,1.73057,1.28,2.03
2011.01.06 11:01:45.094,1.72985,1.73057,1.47,4.13
2011.01.06 11:01:45.210,1.72985,1.73054,1.28,2.82
2011.01.06 11:01:45.649,1.72984,1.73045,1.35,1.65
2011.01.06 11:01:46.841,1.72984,1.73045,1.28,1.65
2011.01.06 11:01:47.061,1.72984,1.73045,1.54,1.28
2011.01.06 11:01:47.720,1.72987,1.73057,1.09,2.03
2011.01.06 11:01:48.189,1.72985,1.73057,1.62,2.22
2011.01.06 11:01:48.727,1.72984,1.73058,1.62,4.13
2011.01.06 11:01:50.095,1.72984,1.73058,1.62,2.22
2011.01.06 11:01:50.662,1.72984,1.73058,1.62,4.13
2011.01.06 11:01:53.591,1.72984,1.73045,1.28,1.65
2011.01.06 11:01:53.919,1.72985,1.73057,1.28,1.92
2011.01.06 11:01:54.027,1.72985,1.73057,1.35,1.84
2011.01.06 11:01:56.723,1.72984,1.73053,1.35,1.28
2011.01.06 11:01:57.619,1.72984,1.73053,1.47,1.28
2011.01.06 11:01:57.729,1.72984,1.73053,1.28,1.28
2011.01.06 11:01:58.298,1.72984,1.73053,1.28,1.35
2011.01.06 11:01:58.894,1.72984,1.73053,1.28,1.28
2011.01.06 11:02:01.264,1.72984,1.73053,1.28,1.47
2011.01.06 11:02:01.711,1.72984,1.73039,1.28,1.28
2011.01.06 11:02:03.668,1.72985,1.73044,1.28,1.28
2011.01.06 11:02:04.096,1.72971,1.73031,4.02,1.28
2011.01.06 11:02:04.214,1.72971,1.73031,1.28,1.47
2011.01.06 11:02:04.479,1.72971,1.73031,1.43,1.47
2011.01.06 11:02:04.589,1.72971,1.73042,3.53,1.47
2011.01.06 11:02:08.130,1.72971,1.73044,1.47,1.65
2011.01.06 11:02:08.239,1.72985,1.73044,1.28,1.65
2011.01.06 11:02:09.640,1.72985,1.73044,1.28,1.35
2011.01.06 11:02:09.968,1.72971,1.73044,3.53,1.47
2011.01.06 11:02:10.078,1.72972,1.73044,1.30,1.47
2011.01.06 11:02:10.607,1.72978,1.73044,1.02,1.28
2011.01.06 11:02:10.959,1.72998,1.73057,1.28,4.68
2011.01.06 11:02:11.644,1.72998,1.73057,2.22,4.02
2011.01.06 11:02:11.765,1.7301,1.73065,1.28,1.02
2011.01.06 11:02:11.881,1.7301,1.73071,1.28,1.62
2011.01.06 11:02:12.099,1.72998,1.73071,1.84,3.53
2011.01.06 11:02:13.160,1.72998,1.73071,1.84,3.68
2011.01.06 11:02:13.558,1.72998,1.73071,1.84,1.47
2011.01.06 11:02:14.261,1.72998,1.73071,1.84,3.68
2011.01.06 11:02:14.714,1.72998,1.73071,1.84,1.47
2011.01.06 11:02:17.810,1.72998,1.73071,1.47,3.68
2011.01.06 11:02:17.920,1.72998,1.73071,1.47,1.47
2011.01.06 11:02:24.038,1.72998,1.73071,1.28,2.22
2011.01.06 11:02:24.540,1.72997,1.73058,1.28,1.28
2011.01.06 11:02:26.379,1.72984,1.73058,3.83,2.22
2011.01.06 11:02:26.599,1.72984,1.73058,1.65,2.22
2011.01.06 11:02:27.252,1.72984,1.73045,1.73,1.47
2011.01.06 11:02:28.898,1.72984,1.73045,1.80,1.47
2011.01.06 11:02:29.439,1.72984,1.73045,1.84,1.28
2011.01.06 11:02:29.933,1.72985,1.73055,1.84,1.47
2011.01.06 11:02:33.408,1.72984,1.73053,1.84,1.35
2011.01.06 11:02:33.877,1.72997,1.73053,1.28,1.28
2011.01.06 11:02:40.117,1.72997,1.73053,1.35,1.47
2011.01.06 11:02:40.230,1.72997,1.73053,1.35,1.28
2011.01.06 11:02:42.209,1.72997,1.73053,3.42,1.28
2011.01.06 11:02:42.428,1.72997,1.73053,1.35,1.28
2011.01.06 11:02:44.912,1.72997,1.73053,1.43,1.28
2011.01.06 11:02:50.870,1.72997,1.73053,1.28,1.28
2011.01.06 11:02:57.058,1.72998,1.73057,1.43,1.28
2011.01.06 11:03:05.088,1.72998,1.73057,1.28,1.47
2011.01.06 11:03:05.310,1.72984,1.73058,1.99,2.22
2011.01.06 11:03:06.369,1.72984,1.73058,1.80,2.22
2011.01.06 11:03:06.592,1.72984,1.73045,1.65,1.28
2011.01.06 11:03:07.173,1.72973,1.73043,1.28,1.47
2011.01.06 11:03:07.856,1.72973,1.73043,1.28,1.47
2011.01.06 11:03:10.047,1.72973,1.73043,1.28,1.47
2011.01.06 11:03:10.608,1.72973,1.73043,1.28,1.47
2011.01.06 11:03:10.951,1.72971,1.73031,2.03,1.28
2011.01.06 11:03:11.169,1.72963,1.73031,2.22,1.28
2011.01.06 11:03:11.670,1.72963,1.73031,1.30,1.28
2011.01.06 11:03:13.388,1.72958,1.73031,3.53,1.28
2011.01.06 11:03:13.498,1.72967,1.73031,1.02,1.28
2011.01.06 11:03:13.609,1.73007,1.73049,1.28,1.88
2011.01.06 11:03:13.829,1.72994,1.73048,1.65,2.22
2011.01.06 11:03:14.840,1.72981,1.73047,1.28,1.47
2011.01.06 11:03:14.949,1.72962,1.73047,1.28,1.47
2011.01.06 11:03:19.302,1.72967,1.73047,1.05,1.47
2011.01.06 11:03:19.409,1.72963,1.73047,1.02,1.47
2011.01.06 11:03:19.929,1.72958,1.73035,10.88,1.28
2011.01.06 11:03:20.677,1.72963,1.73035,1.28,1.28
2011.01.06 11:03:21.497,1.72963,1.73035,1.28,1.28
2011.01.06 11:03:21.830,1.72963,1.73035,1.28,1.47
2011.01.06 11:03:22.377,1.72963,1.73033,1.28,1.47
2011.01.06 11:03:23.384,1.72968,1.73033,1.05,1.47
2011.01.06 11:03:24.028,1.7295,1.73021,5.10,2.22
2011.01.06 11:03:24.842,1.72958,1.73022,1.20,1.47
2011.01.06 11:03:25.573,1.72951,1.73022,5.10,1.47
2011.01.06 11:03:26.032,1.72982,1.73028,1.28,1.65
2011.01.06 11:03:26.669,1.72982,1.73028,1.28,1.65
2011.01.06 11:03:27.875,1.72982,1.73028,1.28,1.65
2011.01.06 11:03:28.333,1.72996,1.73041,3.42,1.28
2011.01.06 11:03:28.709,1.72996,1.73041,1.35,1.28
2011.01.06 11:03:30.171,1.73008,1.73055,1.62,1.28
2011.01.06 11:03:30.389,1.73008,1.73055,3.72,1.28
2011.01.06 11:03:30.863,1.73009,1.73054,1.47,1.28
2011.01.06 11:03:30.980,1.72999,1.73053,2.37,1.47
2011.01.06 11:03:31.198,1.72997,1.73053,2.37,1.47
2011.01.06 11:03:31.693,1.72989,1.73035,1.58,1.28
2011.01.06 11:03:31.800,1.72982,1.73028,1.58,1.28
2011.01.06 11:03:32.020,1.72983,1.73041,2.37,1.47
2011.01.06 11:03:32.128,1.72982,1.73028,1.43,1.28
2011.01.06 11:03:33.270,1.72972,1.73023,1.35,1.47
2011.01.06 11:03:33.750,1.72982,1.73028,1.62,1.28
2011.01.06 11:03:33.860,1.72972,1.73023,1.35,2.22
2011.01.06 11:03:34.079,1.72971,1.73022,1.32,1.28
2011.01.06 11:03:34.188,1.72971,1.73028,2.59,1.47
2011.01.06 11:03:34.299,1.72973,1.73022,1.35,2.22
2011.01.06 11:03:34.771,1.72973,1.73022,1.32,1.28
2011.01.06 11:03:34.990,1.72982,1.73038,1.28,2.22
2011.01.06 11:03:35.099,1.72967,1.73023,1.80,2.22
2011.01.06 11:03:35.210,1.72963,1.73023,1.28,1.47
2011.01.06 11:03:35.429,1.72963,1.73023,1.28,2.22
2011.01.06 11:03:36.118,1.72963,1.73021,1.02,3.49
2011.01.06 11:03:36.616,1.72966,1.73021,1.65,3.49
2011.01.06 11:03:36.839,1.72965,1.73021,1.65,2.74
2011.01.06 11:03:37.265,1.72971,1.73022,1.35,1.28
2011.01.06 11:03:37.372,1.72968,1.73035,1.05,1.28
2011.01.06 11:03:38.638,1.72968,1.73046,1.05,1.47
2011.01.06 11:03:39.103,1.72968,1.7304,1.05,1.47
2011.01.06 11:03:39.438,1.72963,1.7304,1.02,1.47
2011.01.06 11:03:39.892,1.72963,1.73034,1.02,1.28
2011.01.06 11:03:40.478,1.72963,1.73039,1.02,1.47
2011.01.06 11:03:40.699,1.72971,1.73039,1.77,1.47
2011.01.06 11:03:41.641,1.72971,1.7304,1.77,1.28
2011.01.06 11:03:41.749,1.72965,1.7304,1.38,2.55
2011.01.06 11:03:42.799,1.72966,1.7304,1.65,2.55
2011.01.06 11:03:43.537,1.72972,1.73052,4.49,2.07
2011.01.06 11:03:43.903,1.72972,1.73057,4.20,1.65
2011.01.06 11:03:45.095,1.72972,1.73057,4.20,1.65
2011.01.06 11:03:46.443,1.72972,1.73057,4.20,1.65
2011.01.06 11:03:46.563,1.72973,1.73053,1.54,2.55
2011.01.06 11:03:47.120,1.72973,1.73053,4.49,2.55
2011.01.06 11:03:47.608,1.72973,1.73053,3.60,2.74
2011.01.06 11:03:48.864,1.72977,1.73053,1.20,2.74
2011.01.06 11:03:49.940,1.72973,1.73053,3.64,2.74
2011.01.06 11:03:50.049,1.72973,1.73047,1.58,1.28
2011.01.06 11:03:50.160,1.72968,1.7304,2.33,1.47
2011.01.06 11:03:53.140,1.72966,1.7304,1.80,2.55
2011.01.06 11:03:53.468,1.72966,1.73039,1.54,1.28
2011.01.06 11:03:53.688,1.72966,1.73047,1.54,1.47
2011.01.06 11:03:54.075,1.72966,1.73047,1.39,1.47
2011.01.06 11:03:55.531,1.72967,1.7304,1.20,1.28
2011.01.06 11:03:57.291,1.72972,1.73054,1.58,7.32
2011.01.06 11:03:57.917,1.72972,1.73054,1.58,7.32
2011.01.06 11:03:58.028,1.72972,1.73054,4.02,7.32
2011.01.06 11:03:58.248,1.72972,1.73054,1.58,7.32
2011.01.06 11:04:01.439,1.72972,1.73054,4.02,7.32
2011.01.06 11:04:03.076,1.72972,1.73054,3.60,7.32
2011.01.06 11:04:03.301,1.72972,1.73054,1.58,7.32
2011.01.06 11:04:04.946,1.72972,1.73054,1.58,7.32
2011.01.06 11:04:05.786,1.72972,1.73054,1.58,7.32
2011.01.06 11:04:06.277,1.72972,1.73054,4.02,7.32
2011.01.06 11:04:06.784,1.72972,1.73054,4.02,7.32
2011.01.06 11:04:07.205,1.72972,1.73054,4.02,3.12
2011.01.06 11:04:10.737,1.72972,1.73054,4.02,3.12
2011.01.06 11:04:12.689,1.72977,1.73054,1.20,3.12
2011.01.06 11:04:13.566,1.72977,1.73059,1.20,4.13
2011.01.06 11:04:14.950,1.72975,1.73054,5.14,3.12
2011.01.06 11:04:16.422,1.72978,1.73054,1.20,3.12
2011.01.06 11:04:16.925,1.72973,1.73054,5.29,3.12
2011.01.06 11:04:17.368,1.72973,1.73054,4.92,3.12
2011.01.06 11:04:19.670,1.72972,1.73054,1.43,3.49
2011.01.06 11:04:20.124,1.72969,1.73052,5.10,2.22
2011.01.06 11:04:20.233,1.72967,1.73047,1.17,1.47
2011.01.06 11:04:22.979,1.72968,1.73047,1.32,1.28
2011.01.06 11:04:23.088,1.72982,1.73052,2.22,1.28
2011.01.06 11:04:23.200,1.72996,1.73059,1.47,1.84
2011.01.06 11:04:24.939,1.72996,1.73055,1.28,1.32
2011.01.06 11:04:25.377,1.72996,1.73046,1.28,1.28
2011.01.06 11:04:26.042,1.72996,1.73046,1.43,1.28
2011.01.06 11:04:27.207,1.72996,1.73046,1.28,1.28
2011.01.06 11:04:28.692,1.72996,1.73046,1.35,1.28
2011.01.06 11:04:29.322,1.7298,1.73041,5.55,2.22
2011.01.06 11:04:29.433,1.7298,1.73041,2.22,2.22
2011.01.06 11:04:29.550,1.7298,1.73041,1.28,2.74
2011.01.06 11:04:29.659,1.72962,1.73039,1.17,2.22
2011.01.06 11:04:29.880,1.72959,1.73021,2.18,1.32
2011.01.06 11:04:30.359,1.72958,1.73021,5.29,1.32
2011.01.06 11:04:30.691,1.7295,1.72988,1.88,1.28
2011.01.06 11:04:30.799,1.72952,1.72988,1.47,1.28
2011.01.06 11:04:31.225,1.72972,1.73006,1.28,1.28
2011.01.06 11:04:31.345,1.72955,1.73027,1.35,2.03
2011.01.06 11:04:31.898,1.72955,1.73027,1.35,2.03
2011.01.06 11:04:32.360,1.72955,1.73027,3.64,2.03
2011.01.06 11:04:33.093,1.72955,1.73027,3.64,2.03
2011.01.06 11:04:33.539,1.72959,1.73027,2.76,2.03
2011.01.06 11:04:34.839,1.72971,1.73032,4.02,4.13
2011.01.06 11:04:35.279,1.72969,1.7302,4.02,1.28
2011.01.06 11:04:35.389,1.72969,1.7302,1.43,1.28
2011.01.06 11:04:36.199,1.72969,1.7302,3.60,1.28
2011.01.06 11:04:36.702,1.72983,1.73032,1.43,2.03
2011.01.06 11:04:36.809,1.72983,1.73032,4.02,2.03
2011.01.06 11:04:37.550,1.72983,1.73032,4.02,2.03
2011.01.06 11:04:37.878,1.72983,1.73032,1.43,2.03
2011.01.06 11:04:38.259,1.72983,1.73032,1.43,1.28
2011.01.06 11:04:38.698,1.72983,1.73032,3.60,1.28
2011.01.06 11:04:39.169,1.72983,1.73032,1.54,1.28
2011.01.06 11:04:40.088,1.72983,1.73027,1.54,1.28
2011.01.06 11:04:53.460,1.72983,1.73027,3.42,1.28
2011.01.06 11:04:53.568,1.72983,1.73027,1.35,1.28
2011.01.06 11:04:54.718,1.72983,1.73027,3.60,1.28
2011.01.06 11:04:55.168,1.72983,1.73027,1.35,1.28
2011.01.06 11:04:56.669,1.72983,1.73027,3.42,1.28
2011.01.06 11:05:01.569,1.72983,1.73027,1.58,1.28
2011.01.06 11:05:01.789,1.72983,1.73027,3.64,1.28
2011.01.06 11:05:08.152,1.72995,1.73042,1.43,2.22
2011.01.06 11:05:08.719,1.72984,1.7304,3.60,1.47
2011.01.06 11:05:09.971,1.72984,1.7304,3.89,1.47
2011.01.06 11:05:11.793,1.72995,1.73042,1.35,1.28
2011.01.06 11:05:12.479,1.72995,1.73042,1.28,1.28
2011.01.06 11:05:15.888,1.72995,1.73042,1.62,1.28
2011.01.06 11:05:16.653,1.72995,1.73042,3.42,2.22
2011.01.06 11:05:16.770,1.7299,1.73034,1.58,1.28
2011.01.06 11:05:18.089,1.7299,1.73034,2.22,1.28
2011.01.06 11:05:18.309,1.72995,1.73042,1.62,1.47
2011.01.06 11:05:18.419,1.72995,1.73042,3.42,2.22
2011.01.06 11:05:18.639,1.72996,1.73041,1.35,2.22
2011.01.06 11:05:19.868,1.72984,1.7304,3.42,2.22
2011.01.06 11:05:20.198,1.72983,1.73027,3.60,1.28
2011.01.06 11:05:20.812,1.72995,1.73042,1.43,1.28
2011.01.06 11:05:21.409,1.72995,1.73042,1.28,1.28
2011.01.06 11:05:22.772,1.72995,1.73042,1.43,1.28
2011.01.06 11:05:23.180,1.72995,1.73042,1.28,1.28
2011.01.06 11:05:23.318,1.72995,1.73042,1.43,1.28
2011.01.06 11:05:23.809,1.72996,1.73054,1.62,1.47
2011.01.06 11:05:26.670,1.72999,1.73054,2.37,1.28
2011.01.06 11:05:27.195,1.73009,1.73054,1.28,1.28
2011.01.06 11:05:29.668,1.73004,1.73054,1.62,1.28
2011.01.06 11:05:46.473,1.7301,1.73061,1.28,1.47
2011.01.06 11:05:46.592,1.73005,1.73066,2.22,2.22
2011.01.06 11:05:46.920,1.73008,1.73066,1.09,1.28
2011.01.06 11:05:47.685,1.73018,1.73067,1.47,1.28
2011.01.06 11:05:56.861,1.73018,1.73067,2.22,1.28
2011.01.06 11:05:57.189,1.73031,1.7308,2.22,1.28
2011.01.06 11:05:57.650,1.73024,1.7307,1.43,2.22
2011.01.06 11:05:57.873,1.73006,1.73064,2.22,2.22
2011.01.06 11:05:57.991,1.73006,1.73064,1.95,1.47
2011.01.06 11:05:58.814,1.72996,1.73064,1.09,1.47
2011.01.06 11:05:59.039,1.72997,1.73064,1.65,1.28
2011.01.06 11:05:59.257,1.72997,1.73064,2.18,1.28
2011.01.06 11:05:59.862,1.72993,1.73052,4.47,1.28
2011.01.06 11:06:00.606,1.72993,1.73052,4.20,1.28
2011.01.06 11:06:01.392,1.72998,1.73053,1.05,1.28
2011.01.06 11:06:01.499,1.72997,1.73053,2.18,1.28
2011.01.06 11:06:01.609,1.72987,1.73039,1.09,1.28
2011.01.06 11:06:02.203,1.72992,1.73053,1.17,1.47
2011.01.06 11:06:03.273,1.73001,1.73053,1.77,1.28
2011.01.06 11:06:04.092,1.72998,1.73053,1.05,1.28
2011.01.06 11:06:04.203,1.72997,1.73053,1.80,1.28
2011.01.06 11:06:05.129,1.72997,1.73053,1.35,1.28
2011.01.06 11:06:05.603,1.72983,1.7304,1.95,1.28
2011.01.06 11:06:05.948,1.72986,1.7304,1.39,1.28
2011.01.06 11:06:08.622,1.72998,1.73052,1.43,1.47
2011.01.06 11:06:09.149,1.72998,1.73052,1.58,1.28
2011.01.06 11:06:10.162,1.72998,1.73052,1.50,1.28
2011.01.06 11:06:10.270,1.72998,1.73052,1.35,1.28
2011.01.06 11:06:11.125,1.72985,1.73052,4.54,1.47
2011.01.06 11:06:11.244,1.72985,1.73052,1.92,1.47
2011.01.06 11:06:11.682,1.72985,1.73052,4.65,1.47
2011.01.06 11:06:13.659,1.72988,1.73052,1.30,1.47
2011.01.06 11:06:17.191,1.72986,1.73057,1.58,1.47
2011.01.06 11:06:17.299,1.72986,1.73057,1.80,1.28
2011.01.06 11:06:17.410,1.72997,1.73058,3.64,1.28
2011.01.06 11:06:17.520,1.72997,1.73058,1.43,1.28
2011.01.06 11:06:17.629,1.72997,1.73058,3.42,1.28
2011.01.06 11:06:18.112,1.72986,1.73057,1.17,1.47
2011.01.06 11:06:18.219,1.72986,1.73044,1.17,1.28
2011.01.06 11:06:26.078,1.72986,1.73039,1.17,1.28
2011.01.06 11:06:26.600,1.72986,1.73039,1.17,1.47
2011.01.06 11:06:27.573,1.72986,1.73039,1.17,1.28
2011.01.06 11:06:27.910,1.72985,1.73052,3.64,1.84
2011.01.06 11:06:28.021,1.72984,1.73039,3.79,1.28
2011.01.06 11:06:28.560,1.72987,1.73052,1.20,1.84
2011.01.06 11:06:28.829,1.72985,1.73052,3.64,1.84
2011.01.06 11:06:28.942,1.72988,1.73052,1.20,1.84
2011.01.06 11:06:29.545,1.72988,1.73052,1.20,1.84
2011.01.06 11:06:30.000,1.72985,1.73052,3.64,1.84
2011.01.06 11:06:30.219,1.72984,1.73039,3.42,1.28
2011.01.06 11:06:30.555,1.72984,1.73039,3.79,1.28
2011.01.06 11:06:31.109,1.72986,1.73052,1.08,1.65
2011.01.06 11:06:31.223,1.72985,1.73052,4.11,1.65
2011.01.06 11:06:31.448,1.72984,1.73039,3.64,1.28
2011.01.06 11:06:32.649,1.72987,1.73039,1.20,1.28
2011.01.06 11:06:32.869,1.72984,1.73039,3.64,1.28
2011.01.06 11:06:34.069,1.72987,1.73039,1.20,1.28
2011.01.06 11:06:34.847,1.72984,1.73039,3.64,1.28
2011.01.06 11:06:36.010,1.72985,1.73052,4.05,1.84
2011.01.06 11:06:36.119,1.72988,1.73052,1.30,1.84
2011.01.06 11:06:37.603,1.72997,1.73053,1.43,2.22
2011.01.06 11:06:38.025,1.72988,1.73052,1.20,1.47
2011.01.06 11:06:39.571,1.72983,1.7304,3.64,1.28
2011.01.06 11:06:40.018,1.72983,1.7304,3.79,1.28
2011.01.06 11:06:40.590,1.72983,1.7304,3.42,1.28
2011.01.06 11:06:41.720,1.72983,1.7304,3.42,1.47
2011.01.06 11:06:42.554,1.72981,1.73038,1.35,1.28
2011.01.06 11:06:45.662,1.72986,1.73044,3.64,1.28
2011.01.06 11:06:45.774,1.72994,1.73062,3.64,1.28
2011.01.06 11:06:46.872,1.72997,1.73062,1.20,1.28
2011.01.06 11:06:51.623,1.72994,1.73049,3.64,1.28
2011.01.06 11:06:52.131,1.72984,1.73036,6.04,1.28
2011.01.06 11:06:52.674,1.72984,1.73049,1.54,1.28
2011.01.06 11:06:54.136,1.72984,1.73049,1.54,1.47
2011.01.06 11:06:54.255,1.72984,1.73048,2.01,1.28
2011.01.06 11:06:54.879,1.72984,1.73048,2.01,1.28
2011.01.06 11:06:55.009,1.72984,1.73048,2.01,1.28
2011.01.06 11:06:57.447,1.72988,1.73048,1.20,1.28
2011.01.06 11:06:58.045,1.72994,1.73049,3.64,1.28
2011.01.06 11:07:00.669,1.72994,1.73049,3.79,1.28
2011.01.06 11:07:01.354,1.72998,1.73062,1.20,1.84
2011.01.06 11:07:01.473,1.73007,1.73062,1.35,1.65
2011.01.06 11:07:01.579,1.73023,1.73067,1.28,2.03
2011.01.06 11:07:02.085,1.73023,1.73067,1.28,2.03
2011.01.06 11:07:02.608,1.73023,1.73067,1.28,2.03
2011.01.06 11:07:03.134,1.73023,1.73067,2.22,2.03
2011.01.06 11:07:03.818,1.73024,1.73081,1.09,4.13
2011.01.06 11:07:04.347,1.73024,1.73081,1.09,4.13
2011.01.06 11:07:05.409,1.73022,1.73081,1.77,2.03
2011.01.06 11:07:06.009,1.73022,1.73081,1.28,4.13
2011.01.06 11:07:06.761,1.7301,1.73066,1.47,2.03
2011.01.06 11:07:06.876,1.73009,1.73054,1.58,1.28
2011.01.06 11:07:07.209,1.73009,1.73067,4.08,2.03
2011.01.06 11:07:07.730,1.73011,1.73067,1.30,2.03
2011.01.06 11:07:08.140,1.73013,1.73067,1.09,2.03
2011.01.06 11:07:08.248,1.73023,1.73067,1.28,2.03
2011.01.06 11:07:08.913,1.73023,1.73067,1.47,2.03
2011.01.06 11:07:09.031,1.73022,1.73081,2.22,1.47
2011.01.06 11:07:11.058,1.73022,1.73081,1.28,2.22
2011.01.06 11:07:11.543,1.73023,1.73067,1.43,1.28
2011.01.06 11:07:12.589,1.73023,1.73081,1.24,1.47
2011.01.06 11:07:15.913,1.73035,1.73081,1.43,1.28
2011.01.06 11:07:16.239,1.73037,1.73081,1.09,1.28
2011.01.06 11:07:16.699,1.73048,1.73094,1.28,1.84
2011.01.06 11:07:16.814,1.73036,1.7308,1.28,1.28
2011.01.06 11:07:16.928,1.73036,1.7308,2.22,1.28
2011.01.06 11:07:17.150,1.73036,1.73094,1.02,1.84
2011.01.06 11:07:18.615,1.73035,1.73094,2.22,1.84
2011.01.06 11:07:19.649,1.73035,1.73081,1.28,1.28
2011.01.06 11:07:20.360,1.73035,1.73086,1.28,1.28
2011.01.06 11:07:21.173,1.73035,1.73086,1.28,1.47
2011.01.06 11:07:24.238,1.73035,1.73086,1.43,1.47
2011.01.06 11:07:25.126,1.73035,1.73086,1.28,2.22
2011.01.06 11:07:25.245,1.73023,1.73086,1.54,2.22
2011.01.06 11:07:25.580,1.73027,1.73086,1.02,1.47
2011.01.06 11:07:26.038,1.73035,1.73086,1.35,1.47
2011.01.06 11:07:26.572,1.73035,1.73086,1.43,1.47
2011.01.06 11:07:30.580,1.73035,1.73086,5.59,1.28
2011.01.06 11:07:30.689,1.73036,1.73099,3.72,2.59
2011.01.06 11:07:30.801,1.73048,1.73099,1.28,1.84
2011.01.06 11:07:31.239,1.73036,1.73099,2.22,2.59
2011.01.06 11:07:32.999,1.73036,1.73099,1.35,2.22
2011.01.06 11:07:33.220,1.73036,1.73085,1.28,1.47
2011.01.06 11:07:33.786,1.73036,1.73085,1.35,1.47
2011.01.06 11:07:34.123,1.73036,1.73085,1.28,2.22
2011.01.06 11:07:34.241,1.73023,1.73072,1.28,1.47
2011.01.06 11:07:34.800,1.73023,1.73072,5.67,1.28
2011.01.06 11:07:34.908,1.73024,1.73085,3.60,2.22
2011.01.06 11:07:35.725,1.73035,1.73086,1.28,1.47
2011.01.06 11:07:35.839,1.73035,1.73086,1.28,2.22
2011.01.06 11:07:36.169,1.73023,1.73086,4.08,2.22
2011.01.06 11:07:36.988,1.73024,1.73086,1.08,2.22
2011.01.06 11:07:37.319,1.73023,1.73086,4.08,2.22
2011.01.06 11:07:38.889,1.73023,1.73086,5.59,1.47
2011.01.06 11:07:39.536,1.73036,1.73085,1.43,1.28
2011.01.06 11:07:39.659,1.73037,1.73098,3.42,2.22
2011.01.06 11:07:39.772,1.73037,1.7309,1.28,2.22
2011.01.06 11:07:39.884,1.73036,1.73085,3.64,1.47
2011.01.06 11:07:40.334,1.73026,1.73072,1.09,1.28
2011.01.06 11:07:40.443,1.73023,1.73072,3.42,1.47
2011.01.06 11:07:40.560,1.73024,1.73085,3.89,2.22
2011.01.06 11:07:40.779,1.73028,1.73085,2.22,1.47
2011.01.06 11:07:41.178,1.73028,1.73085,2.95,1.47
2011.01.06 11:07:41.298,1.73048,1.73099,1.28,1.47
2011.01.06 11:07:45.859,1.73048,1.73099,1.28,2.22
2011.01.06 11:07:46.333,1.73036,1.73085,1.28,1.47
2011.01.06 11:07:46.450,1.73036,1.73085,1.43,1.47
2011.01.06 11:07:47.046,1.73036,1.73099,2.37,2.22
2011.01.06 11:07:47.381,1.73038,1.73099,1.09,1.47
2011.01.06 11:07:47.491,1.73036,1.73099,1.43,2.22
2011.01.06 11:07:48.017,1.73041,1.73085,2.22,1.28
2011.01.06 11:07:48.135,1.73037,1.73098,1.54,2.22
2011.01.06 11:07:48.579,1.73037,1.73098,3.72,2.22
2011.01.06 11:07:49.274,1.73037,1.73098,2.22,1.47
2011.01.06 11:07:49.399,1.73049,1.73098,1.28,1.47
2011.01.06 11:07:50.198,1.73048,1.73099,1.28,1.47
2011.01.06 11:07:55.320,1.73048,1.73099,2.22,1.28
2011.01.06 11:07:55.431,1.73062,1.73113,1.28,1.84
2011.01.06 11:07:55.920,1.73062,1.73107,1.28,1.28
2011.01.06 11:07:56.248,1.73049,1.73107,2.22,2.22
2011.01.06 11:07:56.469,1.73049,1.73107,1.28,2.22
2011.01.06 11:07:56.876,1.73049,1.73093,1.28,1.28
2011.01.06 11:07:57.210,1.73061,1.73108,1.28,2.22
2011.01.06 11:07:57.319,1.7305,1.73106,1.47,1.47
2011.01.06 11:07:57.974,1.7305,1.73106,2.22,1.28
2011.01.06 11:07:58.094,1.73047,1.73101,1.47,1.47
2011.01.06 11:07:58.212,1.73047,1.73101,1.28,1.28
2011.01.06 11:07:59.104,1.73047,1.73101,1.35,1.28
2011.01.06 11:07:59.741,1.73047,1.73101,1.28,1.28
2011.01.06 11:08:01.572,1.73034,1.73101,1.54,1.47
2011.01.06 11:08:05.618,1.73034,1.73101,1.54,1.28
2011.01.06 11:08:06.060,1.73034,1.73101,3.64,1.28
2011.01.06 11:08:06.555,1.73049,1.73093,1.28,1.28
2011.01.06 11:08:07.839,1.73049,1.73093,1.58,1.28
2011.01.06 11:08:08.755,1.73049,1.73107,3.68,1.84
2011.01.06 11:08:08.988,1.73049,1.73107,1.47,1.84
2011.01.06 11:08:09.791,1.73049,1.73107,3.53,1.84
2011.01.06 11:08:12.821,1.73062,1.73109,1.28,1.69
2011.01.06 11:08:13.260,1.73049,1.73107,1.47,1.84
2011.01.06 11:08:13.590,1.73049,1.73107,3.53,1.84
2011.01.06 11:08:14.833,1.73049,1.73107,3.53,1.84
2011.01.06 11:08:15.128,1.73049,1.73107,1.47,1.47
2011.01.06 11:08:15.716,1.73049,1.73107,3.53,1.47
2011.01.06 11:08:15.934,1.73049,1.73107,1.47,1.47
2011.01.06 11:08:17.059,1.73049,1.73107,1.28,2.22
2011.01.06 11:08:17.762,1.73049,1.73093,1.28,1.28
2011.01.06 11:08:19.250,1.73049,1.73093,2.22,1.28
2011.01.06 11:08:19.704,1.73049,1.73107,1.28,2.22
2011.01.06 11:08:19.822,1.73048,1.73094,1.62,1.28
2011.01.06 11:08:20.409,1.73048,1.73094,1.62,1.28
2011.01.06 11:08:20.519,1.7305,1.73106,1.47,1.47
2011.01.06 11:08:22.150,1.7305,1.73106,1.62,1.47
2011.01.06 11:08:23.190,1.7305,1.73106,1.47,1.47
2011.01.06 11:08:24.082,1.7305,1.73106,1.62,1.47
2011.01.06 11:08:25.411,1.7305,1.73106,1.47,1.47
2011.01.06 11:08:28.884,1.73048,1.73094,1.35,1.28
2011.01.06 11:08:33.349,1.73048,1.73094,1.47,1.28
2011.01.06 11:08:33.460,1.7305,1.73106,1.47,1.47
2011.01.06 11:08:33.791,1.73048,1.73094,1.28,1.28
2011.01.06 11:08:34.600,1.73048,1.73094,1.28,2.22
2011.01.06 11:08:35.094,1.73035,1.73094,1.28,2.22
2011.01.06 11:08:35.214,1.73036,1.7308,1.28,1.47
2011.01.06 11:08:35.826,1.73036,1.7308,2.37,1.28
2011.01.06 11:08:35.945,1.73037,1.73093,1.09,1.65
2011.01.06 11:08:36.060,1.73036,1.73093,2.37,1.84
2011.01.06 11:08:36.170,1.73036,1.73093,5.59,1.84
2011.01.06 11:08:36.634,1.73044,1.73093,1.09,1.65
2011.01.06 11:08:36.969,1.73048,1.73094,1.43,1.65
2011.01.06 11:08:37.083,1.73036,1.7308,3.64,1.28
2011.01.06 11:08:37.531,1.73049,1.73093,1.28,1.65
2011.01.06 11:08:38.139,1.73049,1.73093,1.28,1.65
2011.01.06 11:08:39.052,1.73049,1.73093,1.28,1.65
2011.01.06 11:08:39.379,1.73049,1.73107,2.22,6.00
2011.01.06 11:08:39.910,1.73049,1.73103,1.28,2.82
2011.01.06 11:08:40.450,1.73048,1.73094,1.28,1.65
2011.01.06 11:08:42.170,1.73048,1.73094,2.22,1.65
2011.01.06 11:08:42.805,1.73061,1.73106,1.28,2.82
2011.01.06 11:08:43.010,1.73041,1.7308,1.28,2.22
2011.01.06 11:08:43.122,1.73036,1.7308,1.95,2.22
2011.01.06 11:08:43.505,1.73023,1.7308,4.08,2.22
2011.01.06 11:08:43.624,1.73014,1.73078,6.98,2.22
2011.01.06 11:08:43.743,1.73017,1.73065,1.20,1.28
2011.01.06 11:08:44.295,1.73014,1.73084,2.74,1.47
2011.01.06 11:08:44.402,1.73012,1.73086,2.18,2.22
2011.01.06 11:08:44.618,1.73008,1.73079,2.74,1.47
2011.01.06 11:08:45.044,1.73012,1.73079,1.30,1.47
2011.01.06 11:08:45.372,1.73019,1.73076,3.60,2.03
2011.01.06 11:08:46.030,1.7302,1.73089,3.60,2.03
2011.01.06 11:08:46.508,1.73028,1.73089,1.20,2.03
2011.01.06 11:08:55.294,1.73028,1.73089,1.20,1.65
2011.01.06 11:08:57.300,1.7302,1.73089,4.02,1.65
2011.01.06 11:08:57.785,1.73019,1.73076,4.08,1.28
2011.01.06 11:09:00.402,1.73019,1.73076,4.02,1.47
2011.01.06 11:09:00.510,1.73019,1.73076,4.02,1.28
2011.01.06 11:09:04.802,1.73027,1.73076,1.20,1.28
2011.01.06 11:09:04.915,1.73034,1.73088,3.64,1.28
2011.01.06 11:09:07.300,1.73034,1.73088,1.35,1.28
2011.01.06 11:09:07.410,1.73034,1.73088,4.05,1.28
2011.01.06 11:09:07.934,1.73033,1.73089,3.60,1.28
2011.01.06 11:09:09.636,1.73033,1.73089,1.62,1.28
2011.01.06 11:09:09.740,1.73033,1.73092,1.62,1.13
2011.01.06 11:09:09.850,1.73033,1.73093,3.60,1.13
2011.01.06 11:09:10.663,1.73034,1.73088,3.64,1.28
2011.01.06 11:09:10.889,1.73034,1.73088,1.62,1.28
2011.01.06 11:09:11.002,1.73033,1.73093,1.62,1.13
2011.01.06 11:09:11.110,1.73033,1.73093,3.89,1.13
2011.01.06 11:09:11.794,1.73034,1.73088,3.42,1.28
2011.01.06 11:09:12.058,1.73033,1.73092,3.42,1.13
2011.01.06 11:09:12.170,1.73033,1.73092,1.62,1.13
2011.01.06 11:09:12.281,1.73036,1.73102,2.74,2.78
2011.01.06 11:09:12.936,1.73047,1.73101,1.43,2.03
2011.01.06 11:09:13.499,1.73047,1.73101,1.35,2.03
2011.01.06 11:09:14.054,1.73047,1.73114,1.54,2.03
2011.01.06 11:09:14.619,1.73047,1.73114,1.35,4.13
2011.01.06 11:09:14.899,1.73047,1.73101,1.35,1.28
2011.01.06 11:09:15.473,1.73046,1.73102,1.35,1.65
2011.01.06 11:09:16.019,1.73047,1.73101,1.35,1.28
2011.01.06 11:09:16.130,1.73034,1.73101,1.62,1.28
2011.01.06 11:09:16.754,1.73046,1.73102,1.43,1.28
2011.01.06 11:09:18.198,1.73034,1.73101,1.62,1.47
2011.01.06 11:09:18.699,1.73034,1.73088,1.35,1.28
2011.01.06 11:09:19.225,1.73034,1.73088,3.42,1.28
2011.01.06 11:09:19.560,1.73022,1.73089,5.58,1.47
2011.01.06 11:09:19.669,1.73024,1.73089,1.08,1.47
2011.01.06 11:09:20.312,1.7302,1.73089,4.08,1.47
2011.01.06 11:09:25.019,1.73024,1.73094,1.08,4.13
2011.01.06 11:09:25.923,1.73034,1.73093,3.64,2.03
2011.01.06 11:09:26.431,1.73036,1.73093,2.52,2.03
2011.01.06 11:09:27.031,1.73047,1.73106,3.42,2.03
2011.01.06 11:09:27.249,1.73047,1.73106,1.35,2.03
2011.01.06 11:09:27.471,1.73047,1.73106,1.50,2.03
2011.01.06 11:09:27.872,1.73047,1.73106,1.35,2.03
2011.01.06 11:09:28.469,1.73047,1.73106,1.35,2.03
2011.01.06 11:09:29.019,1.73047,1.73106,1.43,2.03
2011.01.06 11:09:30.220,1.73047,1.73101,1.28,2.03
2011.01.06 11:09:30.799,1.73034,1.73088,3.64,2.03
2011.01.06 11:09:35.013,1.73034,1.73088,3.64,1.28
2011.01.06 11:09:38.798,1.73034,1.73088,3.64,1.47
2011.01.06 11:09:38.909,1.73034,1.73088,1.43,1.28
2011.01.06 11:09:39.514,1.73021,1.73089,1.30,1.65
2011.01.06 11:09:41.842,1.73021,1.73089,1.30,1.65
2011.01.06 11:09:43.759,1.7302,1.73089,3.60,1.84
2011.01.06 11:09:44.344,1.7302,1.73075,1.58,1.28
2011.01.06 11:09:44.979,1.7302,1.73075,1.58,1.65
2011.01.06 11:09:46.079,1.7302,1.73075,3.60,1.65
2011.01.06 11:09:47.510,1.7302,1.73075,3.60,1.65
2011.01.06 11:09:49.182,1.7302,1.73075,4.02,1.65
2011.01.06 11:09:50.280,1.7302,1.73075,1.58,1.65
2011.01.06 11:09:53.520,1.7302,1.73075,1.43,1.65
2011.01.06 11:09:55.360,1.73007,1.73075,3.64,1.84
2011.01.06 11:09:55.469,1.73006,1.73063,3.64,1.28
2011.01.06 11:09:55.954,1.73008,1.73063,1.20,1.28
2011.01.06 11:09:56.289,1.73006,1.73063,3.79,1.28
2011.01.06 11:10:06.860,1.73017,1.73063,1.20,1.28
2011.01.06 11:10:06.971,1.73012,1.73063,1.02,1.28
2011.01.06 11:10:07.079,1.7302,1.73075,1.58,1.65
2011.01.06 11:10:07.661,1.73008,1.73074,4.26,1.84
2011.01.06 11:10:08.240,1.73011,1.73074,1.08,1.84
2011.01.06 11:10:08.792,1.73008,1.73074,3.79,1.84
2011.01.06 11:10:08.903,1.73008,1.73074,3.79,1.65
2011.01.06 11:10:10.003,1.73007,1.73063,1.08,1.28
2011.01.06 11:10:10.121,1.73006,1.73063,3.64,1.28
2011.01.06 11:10:10.900,1.73007,1.73063,1.20,1.28
2011.01.06 11:10:11.105,1.73006,1.73063,3.64,1.28
2011.01.06 11:10:12.589,1.73007,1.73067,1.73,1.28
2011.01.06 11:10:12.702,1.7301,1.73067,1.30,1.28
2011.01.06 11:10:13.031,1.7301,1.7308,1.30,4.13
2011.01.06 11:10:13.696,1.7301,1.7308,1.30,4.13
2011.01.06 11:10:14.217,1.7301,1.7308,1.30,4.13
2011.01.06 11:10:14.462,1.7301,1.7308,1.08,4.13
2011.01.06 11:10:14.766,1.73007,1.7308,4.26,4.13
2011.01.06 11:10:15.450,1.73008,1.73067,1.20,2.22
2011.01.06 11:10:15.566,1.72998,1.73055,1.35,1.28
2011.01.06 11:10:16.650,1.72998,1.73054,1.35,1.28
2011.01.06 11:10:27.799,1.72993,1.73055,3.79,1.28
2011.01.06 11:10:29.695,1.72985,1.73053,5.29,2.22
2011.01.06 11:10:30.591,1.7298,1.73041,4.02,1.47
2011.01.06 11:10:30.701,1.7298,1.73041,3.79,1.47
2011.01.06 11:10:31.307,1.72986,1.73045,2.52,1.28
2011.01.06 11:10:31.425,1.72996,1.73065,1.09,2.03
2011.01.06 11:10:32.191,1.73,1.73073,3.68,6.00
2011.01.06 11:10:32.589,1.73003,1.73073,1.08,6.00
2011.01.06 11:10:33.173,1.73003,1.73073,1.08,6.00
2011.01.06 11:10:33.502,1.73007,1.73073,3.68,1.28
2011.01.06 11:10:33.610,1.73013,1.73079,4.08,1.28
2011.01.06 11:10:34.137,1.73013,1.73074,4.49,1.28
2011.01.06 11:10:34.243,1.73007,1.73073,1.39,1.47
2011.01.06 11:10:34.901,1.73007,1.73073,2.14,1.47
2011.01.06 11:10:35.260,1.7301,1.73073,1.30,1.28
2011.01.06 11:10:35.780,1.73013,1.73074,3.64,1.28
2011.01.06 11:10:37.959,1.73013,1.73074,3.64,2.22
2011.01.06 11:10:38.181,1.73003,1.73072,1.30,2.22
2011.01.06 11:10:38.720,1.73008,1.73072,1.20,2.22
2011.01.06 11:10:38.942,1.73008,1.73072,1.08,1.28
2011.01.06 11:10:39.160,1.73014,1.73083,3.64,1.32
2011.01.06 11:10:40.889,1.73014,1.73085,3.64,2.22
2011.01.06 11:10:42.708,1.73014,1.73085,3.64,1.84
2011.01.06 11:10:43.586,1.73014,1.73085,3.64,2.22
2011.01.06 11:10:43.921,1.73014,1.73085,1.43,2.59
2011.01.06 11:10:44.033,1.73014,1.73073,3.42,1.28
2011.01.06 11:10:44.620,1.73014,1.73073,3.42,1.47
2011.01.06 11:10:44.732,1.73004,1.73072,5.14,1.47
2011.01.06 11:10:46.659,1.73007,1.73072,1.20,1.47
2011.01.06 11:10:48.309,1.73009,1.73072,1.30,1.28
2011.01.06 11:10:49.228,1.73014,1.73073,3.64,1.28
2011.01.06 11:10:51.092,1.73014,1.73073,1.35,1.28
2011.01.06 11:10:51.942,1.73014,1.73073,3.64,1.28
2011.01.06 11:10:52.617,1.73014,1.73073,3.42,1.28
2011.01.06 11:10:54.400,1.73013,1.73083,4.08,1.84
2011.01.06 11:10:54.851,1.73016,1.73086,2.29,2.03
2011.01.06 11:10:55.420,1.73026,1.73087,1.35,1.28
2011.01.06 11:10:55.821,1.73026,1.73087,3.42,1.28
2011.01.06 11:10:58.002,1.73026,1.73087,1.35,1.28
2011.01.06 11:10:58.112,1.73026,1.73087,3.42,1.28
2011.01.06 11:10:58.761,1.73026,1.73087,1.35,1.28
2011.01.06 11:10:59.537,1.73026,1.73087,3.42,1.28
2011.01.06 11:11:00.100,1.73026,1.73087,1.35,1.28
2011.01.06 11:11:03.178,1.73026,1.73087,3.42,1.28
2011.01.06 11:11:05.098,1.73026,1.73087,1.35,1.28
2011.01.06 11:11:05.369,1.73026,1.73087,3.42,1.28
2011.01.06 11:11:05.788,1.7304,1.73099,1.28,2.22
2011.01.06 11:11:06.411,1.7304,1.73099,1.43,1.84
2011.01.06 11:11:06.533,1.7304,1.73099,1.28,1.84
2011.01.06 11:11:06.758,1.7304,1.73099,1.43,1.84
2011.01.06 11:11:10.892,1.7304,1.73099,3.68,2.03
2011.01.06 11:11:11.220,1.73041,1.73112,4.08,7.32
2011.01.06 11:11:11.330,1.73041,1.73112,3.53,4.13
2011.01.06 11:11:12.664,1.73041,1.73112,4.08,4.13
2011.01.06 11:11:14.170,1.73043,1.73112,1.30,4.13
2011.01.06 11:11:14.633,1.73054,1.73125,1.47,4.13
2011.01.06 11:11:15.069,1.73054,1.73125,1.47,1.84
2011.01.06 11:11:17.849,1.73054,1.73125,1.62,1.84
2011.01.06 11:11:18.280,1.73044,1.73123,3.42,1.32
2011.01.06 11:11:18.630,1.73035,1.73118,1.65,2.22
2011.01.06 11:11:19.130,1.73041,1.73106,1.43,1.28
2011.01.06 11:11:19.242,1.73041,1.73112,1.43,1.28
2011.01.06 11:11:19.478,1.73041,1.73112,1.28,1.28
2011.01.06 11:11:20.079,1.73041,1.73112,1.58,1.28
2011.01.06 11:11:20.680,1.73041,1.73112,3.60,1.28
2011.01.06 11:11:21.403,1.73041,1.73112,4.02,1.47
2011.01.06 11:11:27.788,1.73047,1.73112,1.20,1.47
2011.01.06 11:11:27.905,1.73041,1.73112,4.02,1.47
2011.01.06 11:11:29.160,1.73048,1.73112,1.20,1.47
2011.01.06 11:11:32.510,1.73043,1.73112,5.29,1.47
2011.01.06 11:11:32.841,1.73042,1.73082,5.52,1.28
2011.01.06 11:11:32.949,1.73042,1.73082,2.18,1.28
2011.01.06 11:11:33.339,1.73042,1.73082,5.52,1.28
2011.01.06 11:11:33.860,1.73037,1.73081,1.20,1.28
2011.01.06 11:11:34.651,1.73057,1.73081,1.09,1.28
2011.01.06 11:11:34.765,1.7306,1.73112,3.49,1.13
2011.01.06 11:11:34.883,1.7306,1.73148,3.49,4.13
2011.01.06 11:11:34.991,1.7306,1.73126,2.55,2.03
2011.01.06 11:11:35.101,1.7306,1.73126,1.28,1.28
2011.01.06 11:11:35.210,1.73057,1.73123,2.07,1.28
2011.01.06 11:11:36.022,1.73044,1.7312,1.86,1.47
2011.01.06 11:11:36.602,1.73044,1.7312,1.39,1.28
2011.01.06 11:11:38.378,1.73046,1.73121,3.64,1.28
2011.01.06 11:11:39.527,1.73048,1.73121,1.20,1.28
2011.01.06 11:11:44.078,1.73053,1.73135,1.30,2.74
2011.01.06 11:11:47.766,1.73059,1.73134,1.58,1.28
2011.01.06 11:11:47.992,1.73059,1.73134,4.02,1.28
2011.01.06 11:11:48.211,1.73059,1.73134,1.58,1.28
2011.01.06 11:11:48.918,1.73053,1.73135,4.20,2.55
2011.01.06 11:11:51.934,1.73053,1.73131,1.02,1.28
2011.01.06 11:11:52.269,1.73048,1.73121,1.20,1.28
2011.01.06 11:11:52.538,1.73047,1.73121,1.17,1.28
2011.01.06 11:11:52.790,1.73048,1.73121,1.20,1.28
2011.01.06 11:11:53.681,1.73047,1.73121,1.39,1.28
2011.01.06 11:11:58.065,1.73053,1.73135,1.30,4.13
2011.01.06 11:11:59.027,1.73053,1.73135,1.30,2.22
2011.01.06 11:12:01.558,1.73053,1.73122,1.30,1.28
2011.01.06 11:12:01.669,1.73047,1.73122,2.40,1.28
2011.01.06 11:12:02.218,1.73047,1.73122,2.74,1.28
2011.01.06 11:12:02.890,1.73047,1.73122,2.95,1.28
2011.01.06 11:12:04.332,1.73047,1.73122,2.74,1.28
2011.01.06 11:12:13.680,1.73053,1.73122,1.30,1.28
2011.01.06 11:12:13.899,1.73047,1.73122,3.68,1.28
2011.01.06 11:12:14.760,1.73045,1.73122,4.02,1.47
2011.01.06 11:12:14.981,1.73045,1.73118,1.73,1.47
2011.01.06 11:12:15.089,1.73036,1.73109,1.45,1.28
2011.01.06 11:12:16.170,1.73038,1.73109,1.20,1.28
2011.01.06 11:12:16.389,1.73038,1.73118,1.20,1.47
2011.01.06 11:12:16.609,1.73039,1.73109,4.02,1.28
2011.01.06 11:12:17.081,1.73033,1.73109,1.30,1.28
2011.01.06 11:12:18.479,1.73029,1.73096,1.35,1.28
2011.01.06 11:12:18.590,1.73041,1.73096,1.28,1.28
2011.01.06 11:12:18.702,1.73041,1.73096,1.58,1.28
2011.01.06 11:12:19.400,1.73041,1.73101,3.60,1.28
2011.01.06 11:12:20.917,1.73048,1.73101,1.20,1.28
2011.01.06 11:12:21.909,1.73041,1.73101,4.02,1.28
2011.01.06 11:12:22.832,1.73041,1.73101,3.60,1.28
2011.01.06 11:12:23.650,1.73041,1.73101,3.79,1.28
2011.01.06 11:12:24.489,1.73047,1.73101,1.20,1.28
2011.01.06 11:12:24.776,1.73041,1.73101,4.02,1.28
2011.01.06 11:12:24.889,1.73048,1.73101,1.20,1.28
2011.01.06 11:12:26.790,1.7305,1.73101,1.08,1.28
2011.01.06 11:12:27.121,1.73057,1.73113,1.20,1.28
2011.01.06 11:12:27.515,1.73055,1.73114,4.11,1.28
2011.01.06 11:12:27.861,1.73056,1.73114,1.08,1.28
2011.01.06 11:12:29.503,1.73055,1.73114,3.89,1.28
2011.01.06 11:12:29.958,1.73056,1.73114,1.08,1.28
2011.01.06 11:12:30.222,1.73055,1.73114,3.89,1.28
2011.01.06 11:12:31.043,1.73055,1.73114,3.42,2.22
2011.01.06 11:12:31.159,1.73055,1.73114,1.43,2.22
2011.01.06 11:12:31.272,1.73048,1.73101,5.29,1.28
2011.01.06 11:12:31.717,1.73048,1.73101,2.03,1.28
2011.01.06 11:12:31.821,1.73042,1.73101,1.08,1.28
2011.01.06 11:12:32.682,1.73041,1.73101,1.58,2.22
2011.01.06 11:12:32.789,1.73036,1.73089,1.39,1.28
2011.01.06 11:12:34.197,1.73032,1.73089,1.73,1.28
2011.01.06 11:12:34.641,1.73037,1.73089,1.54,1.28
2011.01.06 11:12:35.239,1.73038,1.73089,1.20,1.28
2011.01.06 11:12:37.893,1.73037,1.73089,1.54,1.28
2011.01.06 11:12:38.000,1.73036,1.731,1.08,1.47
2011.01.06 11:12:40.059,1.7304,1.73102,3.79,1.28
2011.01.06 11:12:41.629,1.7304,1.73102,3.79,1.28
2011.01.06 11:12:41.749,1.73048,1.73102,1.20,1.28
2011.01.06 11:12:42.214,1.7305,1.73114,1.30,2.22
2011.01.06 11:12:42.429,1.7305,1.73113,1.30,2.03
2011.01.06 11:12:42.540,1.73057,1.73113,1.20,2.03
2011.01.06 11:12:43.232,1.73057,1.73113,1.20,2.03
2011.01.06 11:12:43.882,1.73057,1.73113,1.20,2.03
2011.01.06 11:12:45.477,1.73057,1.73113,1.20,2.03
2011.01.06 11:12:46.944,1.73044,1.73101,5.29,1.28
2011.01.06 11:12:47.469,1.73035,1.73101,5.29,1.28
2011.01.06 11:12:48.191,1.73038,1.73101,5.52,1.28
2011.01.06 11:12:48.299,1.73042,1.73109,1.30,1.65
2011.01.06 11:12:48.412,1.73042,1.73122,1.30,1.47
2011.01.06 11:12:48.520,1.73057,1.73122,1.02,1.28
2011.01.06 11:12:48.981,1.73044,1.73127,2.03,1.65
2011.01.06 11:12:49.528,1.73039,1.73127,1.95,1.65
2011.01.06 11:12:50.453,1.73052,1.73128,3.79,1.65
2011.01.06 11:12:51.699,1.73059,1.73153,5.10,4.13
2011.01.06 11:12:52.839,1.7306,1.73148,4.02,3.30
2011.01.06 11:12:53.603,1.7306,1.73145,4.02,2.03
2011.01.06 11:12:53.709,1.73058,1.73144,2.18,2.03
2011.01.06 11:12:53.929,1.73058,1.73144,1.20,2.03
2011.01.06 11:12:55.293,1.73057,1.73144,4.92,2.03
2011.01.06 11:12:55.854,1.7306,1.73145,1.43,2.03
2011.01.06 11:12:58.619,1.73052,1.7314,4.08,1.28
2011.01.06 11:12:59.821,1.73059,1.73146,1.43,1.28
2011.01.06 11:13:00.421,1.73057,1.73144,3.42,1.28
2011.01.06 11:13:01.357,1.73059,1.73146,1.43,1.28
2011.01.06 11:13:06.302,1.73057,1.73139,3.42,1.28
2011.01.06 11:13:08.144,1.73064,1.73146,3.64,1.28
2011.01.06 11:13:08.260,1.73065,1.73153,3.64,1.47
2011.01.06 11:13:13.784,1.73078,1.73162,1.73,1.47
2011.01.06 11:13:14.859,1.73078,1.73166,4.05,1.28
2011.01.06 11:13:14.963,1.73088,1.73172,1.28,1.65
2011.01.06 11:13:15.179,1.73091,1.73172,1.28,1.65
2011.01.06 11:13:15.509,1.73093,1.73178,1.28,4.13
2011.01.06 11:13:16.580,1.73096,1.73178,1.28,1.28
2011.01.06 11:13:16.691,1.73099,1.73181,1.28,1.28
2011.01.06 11:13:16.909,1.73099,1.73185,1.28,1.28
2011.01.06 11:13:17.504,1.73093,1.73178,1.28,1.28
2011.01.06 11:13:19.181,1.73093,1.73168,1.95,1.28
2011.01.06 11:13:19.291,1.73088,1.73166,2.03,1.28
2011.01.06 11:13:19.762,1.73084,1.73166,1.88,1.28
2011.01.06 11:13:19.872,1.73081,1.73165,2.03,1.28
2011.01.06 11:13:23.460,1.73079,1.73165,1.43,1.47
2011.01.06 11:13:24.053,1.73073,1.73157,6.45,1.28
2011.01.06 11:13:24.271,1.73069,1.73153,1.62,1.28
2011.01.06 11:13:24.380,1.73074,1.73153,1.39,1.28
2011.01.06 11:13:24.745,1.73069,1.73153,1.62,1.47
2011.01.06 11:13:24.875,1.73069,1.73146,1.62,1.28
2011.01.06 11:13:28.013,1.73062,1.73145,1.02,1.47
2011.01.06 11:13:28.122,1.7306,1.73142,1.88,1.47
2011.01.06 11:13:28.232,1.73053,1.73131,1.58,1.28
2011.01.06 11:13:28.726,1.7304,1.73127,2.18,1.47
2011.01.06 11:13:28.840,1.73047,1.73119,2.03,1.28
2011.01.06 11:13:30.439,1.73033,1.73117,1.39,1.28
2011.01.06 11:13:32.100,1.73034,1.73117,1.54,1.28
2011.01.06 11:13:32.504,1.73039,1.73127,3.60,1.47
2011.01.06 11:13:32.721,1.73039,1.73127,1.58,1.47
2011.01.06 11:13:36.862,1.73034,1.7312,5.14,1.28
2011.01.06 11:13:39.428,1.73037,1.7312,1.20,1.28
2011.01.06 11:13:41.946,1.73038,1.7312,2.33,1.28
2011.01.06 11:13:46.053,1.73033,1.73115,5.14,1.28
2011.01.06 11:13:46.380,1.73029,1.73112,1.35,1.28
2011.01.06 11:13:47.632,1.73027,1.73112,4.02,1.47
2011.01.06 11:13:47.743,1.73027,1.73108,3.79,1.28
2011.01.06 11:13:48.154,1.73023,1.73106,1.73,1.28
2011.01.06 11:13:48.380,1.73026,1.73113,4.02,1.47
2011.01.06 11:13:48.599,1.73028,1.73113,1.77,1.47
2011.01.06 11:13:49.550,1.73028,1.73106,1.77,1.28
2011.01.06 11:13:49.665,1.73024,1.73111,1.65,1.47
2011.01.06 11:13:50.050,1.73028,1.73111,1.35,1.47
2011.01.06 11:13:50.829,1.73027,1.73111,1.05,1.47
2011.01.06 11:13:51.051,1.73028,1.73111,2.14,1.47
2011.01.06 11:13:51.933,1.73028,1.73111,1.05,1.47
2011.01.06 11:13:52.042,1.73029,1.73111,1.77,1.47
2011.01.06 11:13:54.228,1.73028,1.73111,1.05,1.47
2011.01.06 11:13:54.449,1.73029,1.73111,1.77,1.47
2011.01.06 11:13:56.719,1.73028,1.73111,2.14,1.47
2011.01.06 11:13:57.119,1.73027,1.73111,1.05,1.47
2011.01.06 11:13:58.406,1.73028,1.73111,1.77,1.47
2011.01.06 11:13:59.502,1.73023,1.73111,5.33,1.47
2011.01.06 11:14:01.022,1.73028,1.73111,1.77,1.47
2011.01.06 11:14:02.583,1.73027,1.73111,1.05,1.47
2011.01.06 11:14:04.470,1.73028,1.73111,1.77,1.47
2011.01.06 11:14:05.705,1.73053,1.73128,1.58,1.88
2011.01.06 11:14:05.820,1.73053,1.73128,3.42,1.88
2011.01.06 11:14:05.932,1.73053,1.73129,1.58,1.88
2011.01.06 11:14:06.290,1.73053,1.73139,1.58,1.28
2011.01.06 11:14:06.405,1.73041,1.73132,1.62,1.47
2011.01.06 11:14:06.523,1.73046,1.73132,1.39,1.47
2011.01.06 11:14:06.739,1.73041,1.73127,1.62,1.28
2011.01.06 11:14:06.849,1.73041,1.73132,1.62,2.74
2011.01.06 11:14:07.778,1.73042,1.73131,1.62,1.28
2011.01.06 11:14:07.999,1.73041,1.73126,1.62,1.28
2011.01.06 11:14:08.595,1.73042,1.73127,1.05,1.28
2011.01.06 11:14:09.921,1.73047,1.73127,1.17,1.28
2011.01.06 11:14:10.251,1.73046,1.73132,4.02,1.47
2011.01.06 11:14:10.810,1.73042,1.73127,1.62,1.28
2011.01.06 11:14:12.522,1.73044,1.73127,1.92,1.28
2011.01.06 11:14:12.739,1.7305,1.73133,1.28,1.28
2011.01.06 11:14:13.312,1.73046,1.73133,1.08,1.28
2011.01.06 11:14:16.585,1.73045,1.73133,1.43,1.28
2011.01.06 11:14:17.171,1.73046,1.73132,3.64,1.28
2011.01.06 11:14:17.389,1.73052,1.7314,1.58,1.28
2011.01.06 11:14:18.308,1.73052,1.7314,4.02,1.28
2011.01.06 11:14:18.980,1.73067,1.73141,2.03,1.28
2011.01.06 11:14:19.088,1.73067,1.73146,2.03,1.28
2011.01.06 11:14:19.571,1.73073,1.73143,1.88,1.28
2011.01.06 11:14:19.899,1.73074,1.73141,1.88,1.28
2011.01.06 11:14:20.230,1.73072,1.73126,1.88,1.28
2011.01.06 11:14:20.594,1.73072,1.73128,1.88,1.28
2011.01.06 11:14:20.701,1.73064,1.73132,1.88,1.28
2011.01.06 11:14:21.923,1.73062,1.73127,1.88,1.28
2011.01.06 11:14:22.029,1.73057,1.73127,1.88,1.28
2011.01.06 11:14:22.180,1.73055,1.73127,1.88,1.28
2011.01.06 11:14:24.595,1.73053,1.73127,1.88,1.28
2011.01.06 11:14:31.423,1.73047,1.73117,1.88,1.28
2011.01.06 11:14:31.750,1.73043,1.73113,2.25,1.28
2011.01.06 11:14:32.421,1.73043,1.73113,2.40,1.28
2011.01.06 11:14:37.213,1.73042,1.73113,1.88,1.28
2011.01.06 11:14:37.799,1.7304,1.73113,1.88,1.28
2011.01.06 11:14:37.910,1.7304,1.73113,1.88,1.47
2011.01.06 11:14:38.375,1.73037,1.73087,1.88,1.28
2011.01.06 11:14:38.491,1.7303,1.73087,1.88,1.28
2011.01.06 11:14:39.269,1.73035,1.73099,1.88,1.28
2011.01.06 11:14:39.384,1.73038,1.73105,1.88,1.28
2011.01.06 11:14:40.201,1.73038,1.73105,2.18,1.28
2011.01.06 11:14:41.847,1.73037,1.73092,1.88,1.28
2011.01.06 11:14:42.448,1.73038,1.73094,1.28,2.55
2011.01.06 11:14:43.183,1.73031,1.73093,1.88,1.28
2011.01.06 11:14:43.295,1.73039,1.73093,1.43,1.28
2011.01.06 11:14:43.524,1.73043,1.73107,1.30,1.28
2011.01.06 11:14:43.642,1.73052,1.73107,3.60,1.28
2011.01.06 11:14:44.210,1.73052,1.73107,3.90,1.28
2011.01.06 11:14:44.746,1.73053,1.73119,3.72,1.28
2011.01.06 11:14:45.892,1.73054,1.7312,5.22,1.47
2011.01.06 11:14:46.114,1.73053,1.73118,2.03,1.47
2011.01.06 11:14:46.234,1.73053,1.73106,1.88,1.28
2011.01.06 11:14:46.569,1.73048,1.73107,2.10,1.28
2011.01.06 11:14:47.135,1.73046,1.73107,4.49,1.28
2011.01.06 11:14:47.549,1.73046,1.73107,1.99,1.28
2011.01.06 11:14:48.054,1.73046,1.73107,4.49,1.28
2011.01.06 11:14:51.060,1.73051,1.7312,2.37,1.47
2011.01.06 11:14:51.170,1.73051,1.7312,2.48,1.47
2011.01.06 11:14:52.002,1.73057,1.7312,7.43,1.28
2011.01.06 11:14:52.911,1.7306,1.7312,3.45,1.47
2011.01.06 11:14:53.024,1.73059,1.7312,1.88,1.47
2011.01.06 11:14:53.437,1.73057,1.7312,2.03,1.47
2011.01.06 11:14:54.065,1.73057,1.7312,4.92,1.47
2011.01.06 11:14:55.763,1.73056,1.7312,1.95,1.47
2011.01.06 11:14:56.212,1.73055,1.73107,4.92,1.28
2011.01.06 11:14:56.323,1.73048,1.7312,1.94,1.28
2011.01.06 11:14:57.007,1.73053,1.7312,6.04,1.28
2011.01.06 11:14:57.127,1.73053,1.7312,2.40,1.28
2011.01.06 11:14:57.913,1.73053,1.73107,2.40,1.28
2011.01.06 11:14:58.023,1.73046,1.73107,4.09,1.28
2011.01.06 11:14:58.727,1.73049,1.73107,1.62,1.28
2011.01.06 11:14:59.604,1.73049,1.73107,1.47,1.28
2011.01.06 11:15:00.204,1.73046,1.73107,4.09,1.28
2011.01.06 11:15:01.433,1.73049,1.73107,1.62,1.28
2011.01.06 11:15:04.352,1.73054,1.73107,1.47,1.28
2011.01.06 11:15:04.460,1.73064,1.73121,1.35,1.28
2011.01.06 11:15:04.570,1.73064,1.73121,1.28,1.28
2011.01.06 11:15:04.934,1.73052,1.73107,4.28,1.28
2011.01.06 11:15:05.045,1.73054,1.7312,1.47,1.28
2011.01.06 11:15:05.555,1.73065,1.7312,1.28,1.28
2011.01.06 11:15:05.987,1.73065,1.7312,1.35,1.28
2011.01.06 11:15:06.432,1.7306,1.73121,1.88,2.22
2011.01.06 11:15:06.650,1.73055,1.73119,1.88,2.22
2011.01.06 11:15:06.759,1.73055,1.73106,1.88,1.28
2011.01.06 11:15:07.262,1.73047,1.73106,4.56,1.28
2011.01.06 11:15:07.887,1.73051,1.73108,3.72,1.28
2011.01.06 11:15:08.580,1.73051,1.73108,3.87,1.28
2011.01.06 11:15:08.971,1.73078,1.73123,1.62,1.28
2011.01.06 11:15:09.065,1.73092,1.73146,1.28,2.03
2011.01.06 11:15:09.531,1.73078,1.73147,1.54,4.13
2011.01.06 11:15:09.865,1.73082,1.73147,1.88,4.13
2011.01.06 11:15:10.474,1.73082,1.73133,1.88,1.28
2011.01.06 11:15:10.590,1.73078,1.73133,1.28,1.28
2011.01.06 11:15:11.301,1.73068,1.73132,2.10,1.47
2011.01.06 11:15:12.392,1.73065,1.7312,1.43,1.28
2011.01.06 11:15:12.610,1.73064,1.73121,1.28,1.28
2011.01.06 11:15:13.220,1.7306,1.7312,1.88,1.28
2011.01.06 11:15:13.680,1.7306,1.7312,2.03,1.47
2011.01.06 11:15:14.329,1.73056,1.7312,2.14,1.28
2011.01.06 11:15:14.444,1.73064,1.73121,1.43,1.28
2011.01.06 11:15:14.801,1.73065,1.73133,3.89,1.28
2011.01.06 11:15:15.850,1.73071,1.73133,1.88,1.47
2011.01.06 11:15:16.420,1.7307,1.73133,1.88,1.47
2011.01.06 11:15:16.556,1.73068,1.73133,2.03,1.47
2011.01.06 11:15:17.279,1.73068,1.73133,1.95,1.47
2011.01.06 11:15:17.813,1.73068,1.73121,1.95,1.28
2011.01.06 11:15:18.533,1.73064,1.73121,1.47,1.28
2011.01.06 11:15:18.669,1.73064,1.73121,1.62,1.28
2011.01.06 11:15:19.480,1.73064,1.73121,1.47,1.28
2011.01.06 11:15:21.174,1.73064,1.73121,1.62,1.28
2011.01.06 11:15:21.530,1.73067,1.73136,2.22,1.28
2011.01.06 11:15:21.641,1.73072,1.73146,1.28,1.32
2011.01.06 11:15:21.751,1.73072,1.73128,1.28,1.28
2011.01.06 11:15:22.236,1.73072,1.73129,1.28,1.47
2011.01.06 11:15:22.343,1.73074,1.7313,1.28,1.28
2011.01.06 11:15:22.670,1.73074,1.7313,1.43,1.28
2011.01.06 11:15:23.681,1.73075,1.73142,4.11,1.47
2011.01.06 11:15:24.653,1.73074,1.7313,3.30,1.28
2011.01.06 11:15:24.980,1.73074,1.73143,3.64,1.47
2011.01.06 11:15:25.485,1.73074,1.7313,3.64,1.28
2011.01.06 11:15:25.729,1.73074,1.7313,1.43,1.28
2011.01.06 11:15:26.501,1.73074,1.7313,3.42,1.28
2011.01.06 11:15:26.613,1.73074,1.7313,1.35,1.28
2011.01.06 11:15:26.951,1.73074,1.7313,3.42,1.28
2011.01.06 11:15:27.213,1.73074,1.7313,1.43,1.28
2011.01.06 11:15:27.410,1.73074,1.7313,3.79,1.28
2011.01.06 11:15:27.955,1.73087,1.73144,1.35,1.28
2011.01.06 11:15:28.078,1.73075,1.7313,1.08,1.28
2011.01.06 11:15:28.189,1.73075,1.73143,1.08,1.47
2011.01.06 11:15:29.846,1.73075,1.73143,5.39,1.47
2011.01.06 11:15:30.301,1.73074,1.73143,8.10,2.22
2011.01.06 11:15:30.411,1.73074,1.7313,3.30,1.28
2011.01.06 11:15:31.210,1.73074,1.7313,1.35,1.47
2011.01.06 11:15:31.321,1.73066,1.73129,2.03,1.47
2011.01.06 11:15:32.330,1.73065,1.73129,1.39,1.47
2011.01.06 11:15:32.440,1.73062,1.73129,1.95,1.47
2011.01.06 11:15:32.875,1.73065,1.73129,1.39,1.47
2011.01.06 11:15:33.100,1.73077,1.73135,1.28,1.28
2011.01.06 11:15:33.655,1.73085,1.73152,1.54,1.65
2011.01.06 11:15:33.771,1.73097,1.73153,1.47,2.03
2011.01.06 11:15:34.295,1.7311,1.73167,1.28,2.03
2011.01.06 11:15:34.426,1.73101,1.73166,1.88,1.28
2011.01.06 11:15:35.011,1.731,1.73166,2.18,1.28
2011.01.06 11:15:35.890,1.73098,1.73166,1.88,1.28
2011.01.06 11:15:36.109,1.73098,1.73166,2.33,1.28
2011.01.06 11:15:36.420,1.73098,1.73166,1.88,1.28
2011.01.06 11:15:36.942,1.73097,1.73153,1.35,1.28
2011.01.06 11:15:37.270,1.73097,1.73153,1.28,1.47
2011.01.06 11:15:37.649,1.7309,1.73135,1.28,1.28
2011.01.06 11:15:38.541,1.7309,1.73135,1.28,1.47
2011.01.06 11:15:38.651,1.73078,1.73151,1.84,2.22
2011.01.06 11:15:39.389,1.73081,1.73151,1.15,2.22
2011.01.06 11:15:39.500,1.73078,1.73151,1.62,1.47
2011.01.06 11:15:42.319,1.73083,1.7315,1.39,1.47
2011.01.06 11:15:42.539,1.73083,1.7315,1.39,1.28
2011.01.06 11:15:42.951,1.73078,1.7315,1.47,1.28
2011.01.06 11:15:43.065,1.73089,1.73164,4.02,1.47
2011.01.06 11:15:43.400,1.73094,1.73164,2.03,1.47
2011.01.06 11:15:44.904,1.73094,1.73164,2.03,1.28
2011.01.06 11:15:45.653,1.73094,1.73164,5.14,1.28
2011.01.06 11:15:45.767,1.73107,1.73184,1.32,1.28
2011.01.06 11:15:45.990,1.73111,1.73184,1.62,2.22
2011.01.06 11:15:46.394,1.73111,1.73184,1.62,2.22
2011.01.06 11:15:46.929,1.73111,1.73169,1.47,1.47
2011.01.06 11:15:47.748,1.73101,1.73169,1.95,1.47
2011.01.06 11:15:47.864,1.73105,1.7319,1.62,2.82
2011.01.06 11:15:47.980,1.73105,1.7319,8.74,2.82
2011.01.06 11:15:48.310,1.73105,1.73191,8.58,4.13
2011.01.06 11:15:48.875,1.73111,1.73191,2.03,4.13
2011.01.06 11:15:49.849,1.73116,1.73154,3.23,1.28
2011.01.06 11:15:52.919,1.73116,1.73162,3.23,1.28
2011.01.06 11:15:55.829,1.73117,1.73191,1.95,2.03
2011.01.06 11:15:56.972,1.73117,1.7319,1.88,6.00
2011.01.06 11:15:57.300,1.73108,1.73176,1.88,1.28
2011.01.06 11:15:57.819,1.73106,1.73178,2.03,1.28
2011.01.06 11:15:57.933,1.73104,1.73177,2.03,1.47
2011.01.06 11:15:59.418,1.73101,1.73177,4.62,1.28
2011.01.06 11:15:59.528,1.7317,1.73192,2.82,1.28
2011.01.06 11:15:59.754,1.73172,1.73192,2.03,1.28
2011.01.06 11:15:59.872,1.73139,1.73192,1.32,1.28
2011.01.06 11:16:00.368,1.73124,1.73192,4.13,1.47
2011.01.06 11:16:00.592,1.73124,1.73192,2.03,2.22
2011.01.06 11:16:01.139,1.73117,1.7319,5.14,1.47
2011.01.06 11:16:01.254,1.73111,1.7319,1.28,1.47
2011.01.06 11:16:01.371,1.73124,1.73192,1.28,1.65
2011.01.06 11:16:01.700,1.73138,1.73213,1.28,2.03
2011.01.06 11:16:02.399,1.73138,1.73214,1.73,1.47
2011.01.06 11:16:02.959,1.73127,1.73213,1.32,2.74
2011.01.06 11:16:03.988,1.73133,1.73213,1.05,2.74
2011.01.06 11:16:04.261,1.73133,1.73213,1.05,2.74
2011.01.06 11:16:04.926,1.73133,1.732,1.28,1.28
2011.01.06 11:16:05.739,1.73133,1.732,1.05,1.28
2011.01.06 11:16:06.320,1.73137,1.73208,1.80,1.28
2011.01.06 11:16:06.799,1.73133,1.73213,1.28,1.47
2011.01.06 11:16:08.947,1.73138,1.73215,1.05,1.28
2011.01.06 11:16:09.797,1.73143,1.73227,4.02,3.12
2011.01.06 11:16:10.138,1.73139,1.73214,1.43,1.28
2011.01.06 11:16:10.556,1.73139,1.73214,1.77,1.28
2011.01.06 11:16:12.281,1.73138,1.73214,4.24,1.28
2011.01.06 11:16:12.649,1.73139,1.73214,1.77,1.28
2011.01.06 11:16:13.280,1.73138,1.73214,3.72,1.28
2011.01.06 11:16:13.739,1.73139,1.73214,1.77,1.28
2011.01.06 11:16:13.959,1.73138,1.73214,4.24,1.28
2011.01.06 11:16:15.561,1.73139,1.73214,1.77,1.28
2011.01.06 11:16:16.308,1.73138,1.73214,3.90,1.28
2011.01.06 11:16:19.673,1.73138,1.73214,4.73,1.28
2011.01.06 11:16:19.794,1.73138,1.73219,4.73,1.47
2011.01.06 11:16:20.453,1.73151,1.73228,1.43,1.65
2011.01.06 11:16:21.920,1.73151,1.73228,1.43,1.65
2011.01.06 11:16:22.739,1.73151,1.73228,1.43,1.65
2011.01.06 11:16:25.049,1.73151,1.73228,1.43,1.65
2011.01.06 11:16:28.050,1.73151,1.73228,4.02,1.65
2011.01.06 11:16:29.282,1.73165,1.7324,3.42,2.03
2011.01.06 11:16:29.390,1.73167,1.7324,1.17,1.28
2011.01.06 11:16:29.643,1.73165,1.7324,1.73,1.28
2011.01.06 11:16:30.240,1.73152,1.7324,4.83,2.74
2011.01.06 11:16:33.835,1.73153,1.73228,1.02,1.28
2011.01.06 11:16:35.506,1.73161,1.73226,1.47,1.47
2011.01.06 11:16:35.733,1.73147,1.73226,1.13,1.28
2011.01.06 11:16:36.246,1.73164,1.73228,1.65,1.28
2011.01.06 11:16:36.361,1.73164,1.73228,1.84,1.28
2011.01.06 11:16:36.470,1.73163,1.73249,1.32,3.49
2011.01.06 11:16:36.690,1.73166,1.73249,1.47,3.49
2011.01.06 11:16:36.800,1.73183,1.73249,1.28,1.28
2011.01.06 11:16:36.910,1.73183,1.73251,1.28,1.65
2011.01.06 11:16:37.358,1.73185,1.73271,2.74,6.00
2011.01.06 11:16:37.471,1.73185,1.73271,2.74,2.03
2011.01.06 11:16:38.352,1.73188,1.73271,2.18,2.03
2011.01.06 11:16:38.874,1.73196,1.73274,1.43,4.13
2011.01.06 11:16:39.198,1.73196,1.73257,3.64,1.50
2011.01.06 11:16:39.751,1.73196,1.73273,1.43,2.82
2011.01.06 11:16:39.860,1.73196,1.73268,1.43,1.47
2011.01.06 11:16:39.969,1.73196,1.73251,1.43,1.28
2011.01.06 11:16:40.782,1.73196,1.73251,1.43,1.28
2011.01.06 11:16:41.130,1.73196,1.73251,3.89,1.28
2011.01.06 11:16:41.856,1.73209,1.73264,1.28,1.47
2011.01.06 11:16:42.081,1.73196,1.73265,3.72,1.47
2011.01.06 11:16:42.764,1.73196,1.73251,1.43,1.28
2011.01.06 11:16:43.319,1.73196,1.73251,1.35,1.28
2011.01.06 11:16:44.646,1.73196,1.73251,1.28,1.28
2011.01.06 11:16:44.760,1.73196,1.73251,1.28,2.22
2011.01.06 11:16:45.090,1.73189,1.73233,1.28,1.28
2011.01.06 11:16:48.421,1.73195,1.73233,1.02,1.28
2011.01.06 11:16:48.640,1.73201,1.73247,1.47,1.28
2011.01.06 11:16:49.282,1.73188,1.73247,2.67,1.47
2011.01.06 11:16:49.392,1.73188,1.73247,2.22,1.47
2011.01.06 11:16:52.912,1.73188,1.73234,1.35,1.28
2011.01.06 11:16:56.351,1.73188,1.73234,1.28,1.47
2011.01.06 11:16:56.463,1.73176,1.73233,1.43,2.22
2011.01.06 11:16:56.909,1.73175,1.73221,1.28,2.22
2011.01.06 11:16:57.240,1.73168,1.73208,1.20,1.28
2011.01.06 11:16:58.382,1.73173,1.73208,1.17,1.28
2011.01.06 11:16:59.305,1.73173,1.73219,1.17,1.47
2011.01.06 11:16:59.427,1.73168,1.73219,1.20,1.47
2011.01.06 11:17:01.312,1.73173,1.73219,1.17,1.47
2011.01.06 11:17:01.533,1.73176,1.7322,3.64,1.28
2011.01.06 11:17:02.102,1.73176,1.7322,3.42,1.28
2011.01.06 11:17:03.727,1.73176,1.7322,1.35,1.28
2011.01.06 11:17:05.589,1.73176,1.7322,3.42,1.28
2011.01.06 11:17:05.859,1.73176,1.7322,1.35,1.28
2011.01.06 11:17:08.326,1.73176,1.7322,3.42,1.28
2011.01.06 11:17:08.589,1.73176,1.7322,1.35,1.28
2011.01.06 11:17:10.721,1.73176,1.7322,3.42,1.28
2011.01.06 11:17:11.475,1.73176,1.7322,1.35,1.28
2011.01.06 11:17:15.393,1.73176,1.7322,3.64,1.28
2011.01.06 11:17:16.144,1.73176,1.7322,3.79,1.28
2011.01.06 11:17:16.694,1.73176,1.7322,3.42,1.28
2011.01.06 11:17:17.155,1.73176,1.73233,3.72,1.47
2011.01.06 11:17:19.683,1.7318,1.73233,1.30,1.47
2011.01.06 11:17:20.317,1.73177,1.73233,1.20,1.47
2011.01.06 11:17:22.494,1.73183,1.73251,1.58,2.22
2011.01.06 11:17:23.050,1.73183,1.73251,3.60,2.97
2011.01.06 11:17:23.599,1.73196,1.73251,1.35,2.03
2011.01.06 11:17:24.028,1.73196,1.73251,3.42,2.03
2011.01.06 11:17:24.620,1.73196,1.73251,3.42,2.03
2011.01.06 11:17:25.043,1.73196,1.73251,1.35,2.22
2011.01.06 11:17:25.430,1.73196,1.73251,1.35,1.47
2011.01.06 11:17:25.536,1.7318,1.73238,5.10,1.28
2011.01.06 11:17:27.500,1.73172,1.73238,2.14,1.28
2011.01.06 11:17:27.611,1.73177,1.73238,2.14,1.28
2011.01.06 11:17:28.899,1.73177,1.73238,1.39,1.28
2011.01.06 11:17:29.010,1.73177,1.73238,2.14,1.28
2011.01.06 11:17:32.661,1.73172,1.73238,2.14,1.28
2011.01.06 11:17:32.780,1.73172,1.73225,1.73,1.28
2011.01.06 11:17:33.111,1.73171,1.73225,1.47,1.47
2011.01.06 11:17:37.003,1.73156,1.73212,3.64,1.28
2011.01.06 11:17:37.615,1.73168,1.73212,1.20,1.28
2011.01.06 11:17:37.733,1.73165,1.73212,1.09,1.28
2011.01.06 11:17:37.841,1.73171,1.73217,1.47,1.28
2011.01.06 11:17:37.951,1.73179,1.73234,1.28,1.28
2011.01.06 11:17:38.920,1.73179,1.73234,1.58,1.28
2011.01.06 11:17:39.029,1.73179,1.7324,1.58,1.65
2011.01.06 11:17:39.552,1.73179,1.7324,1.58,1.65
2011.01.06 11:17:41.196,1.73179,1.7324,1.58,1.65
2011.01.06 11:17:42.230,1.73179,1.7324,1.58,1.65
2011.01.06 11:17:42.785,1.73179,1.7324,1.28,1.65
2011.01.06 11:17:42.903,1.73179,1.7324,1.58,1.65
2011.01.06 11:17:43.870,1.73179,1.7324,1.58,1.65
2011.01.06 11:17:45.096,1.73179,1.7324,1.58,1.28
2011.01.06 11:17:48.760,1.73179,1.7324,1.28,1.28
2011.01.06 11:17:50.249,1.73179,1.7324,1.28,2.22
2011.01.06 11:17:50.470,1.73167,1.73239,4.65,1.47
2011.01.06 11:17:50.885,1.73167,1.73226,4.65,1.28
2011.01.06 11:17:51.008,1.73167,1.73226,1.80,1.47
2011.01.06 11:17:51.685,1.73167,1.73226,1.80,1.47
2011.01.06 11:17:52.395,1.73167,1.73226,2.74,1.28
2011.01.06 11:17:52.857,1.73181,1.73232,1.28,1.28
2011.01.06 11:17:53.191,1.73182,1.73226,1.28,1.28
2011.01.06 11:17:54.862,1.73182,1.73226,1.47,1.28
2011.01.06 11:17:54.974,1.73182,1.73239,1.77,1.47
2011.01.06 11:17:55.082,1.73191,1.73239,2.37,1.28
2011.01.06 11:17:55.726,1.73195,1.73239,1.28,2.22
2011.01.06 11:17:55.845,1.73181,1.73227,1.47,1.28
2011.01.06 11:17:56.071,1.73181,1.73216,1.28,2.22
2011.01.06 11:17:56.180,1.73163,1.73193,1.88,1.28
2011.01.06 11:17:56.290,1.73146,1.73193,1.47,1.28
2011.01.06 11:17:56.816,1.73122,1.73175,1.24,1.47
2011.01.06 11:17:57.151,1.73135,1.73181,1.28,1.47
2011.01.06 11:17:57.262,1.73135,1.73181,1.28,1.28
2011.01.06 11:17:57.371,1.73122,1.73176,1.28,1.28
2011.01.06 11:17:57.959,1.73119,1.73176,2.03,1.28
2011.01.06 11:17:58.841,1.73122,1.73176,1.62,1.28
2011.01.06 11:17:59.521,1.73119,1.73176,2.03,1.28
2011.01.06 11:18:00.199,1.73119,1.73176,2.03,1.28
2011.01.06 11:18:02.030,1.73127,1.73176,2.59,1.28
2011.01.06 11:18:02.439,1.7315,1.73194,1.28,1.28
2011.01.06 11:18:02.711,1.7315,1.73194,1.28,1.47
2011.01.06 11:18:03.410,1.7315,1.73194,1.28,2.22
2011.01.06 11:18:03.522,1.7315,1.73197,1.47,1.28
2011.01.06 11:18:04.054,1.73133,1.73189,1.43,1.47
2011.01.06 11:18:04.170,1.73133,1.73189,1.28,1.47
2011.01.06 11:18:04.646,1.73133,1.73189,1.28,1.28
2011.01.06 11:18:04.860,1.73133,1.73189,1.35,1.28
2011.01.06 11:18:07.551,1.73136,1.73189,1.02,1.28
2011.01.06 11:18:08.175,1.7315,1.73197,1.28,1.28
2011.01.06 11:18:12.550,1.7315,1.73197,2.22,1.28
2011.01.06 11:18:12.659,1.73162,1.73208,1.28,2.22
2011.01.06 11:18:13.472,1.73162,1.73208,1.47,4.13
2011.01.06 11:18:13.720,1.73151,1.73196,1.47,1.47
2011.01.06 11:18:14.639,1.73151,1.73196,1.28,1.47
2011.01.06 11:18:15.471,1.73151,1.73196,1.28,2.22
2011.01.06 11:18:15.941,1.73125,1.73162,1.88,1.47
2011.01.06 11:18:16.054,1.73126,1.73177,1.09,1.32
2011.01.06 11:18:16.880,1.73127,1.73182,1.02,1.32
2011.01.06 11:18:17.482,1.73127,1.73182,1.02,1.69
2011.01.06 11:18:17.920,1.73127,1.7319,1.02,2.82
2011.01.06 11:18:18.644,1.73127,1.7319,1.02,2.82
2011.01.06 11:18:18.765,1.73127,1.73182,1.02,1.69
2011.01.06 11:18:19.301,1.73113,1.73197,3.89,2.03
2011.01.06 11:18:19.870,1.73113,1.73197,3.89,2.03
2011.01.06 11:18:20.510,1.73113,1.73197,3.89,2.03
2011.01.06 11:18:23.870,1.73113,1.73197,3.89,2.03
2011.01.06 11:18:24.091,1.73124,1.73201,3.64,2.03
2011.01.06 11:18:25.509,1.73124,1.73201,3.64,1.65
2011.01.06 11:18:27.229,1.73124,1.73201,3.64,1.65
2011.01.06 11:18:34.189,1.73119,1.73163,7.20,1.28
2011.01.06 11:18:34.301,1.73119,1.73163,1.58,1.28
2011.01.06 11:18:35.712,1.73119,1.73163,1.58,1.28
2011.01.06 11:18:39.580,1.73124,1.73179,1.47,1.47
2011.01.06 11:18:39.802,1.73128,1.73192,1.02,6.00
2011.01.06 11:18:40.680,1.73128,1.73192,1.02,2.82
2011.01.06 11:18:41.256,1.73135,1.73192,1.02,2.82
2011.01.06 11:18:41.369,1.73125,1.732,3.89,2.22
2011.01.06 11:18:42.500,1.73125,1.732,3.89,2.22
2011.01.06 11:18:43.321,1.73125,1.732,3.89,2.22
2011.01.06 11:18:45.362,1.73125,1.732,3.89,1.84
2011.01.06 11:18:46.231,1.73125,1.732,3.89,1.84
2011.01.06 11:18:48.280,1.73125,1.73199,1.35,1.32
2011.01.06 11:18:48.810,1.73123,1.7318,1.43,1.28
2011.01.06 11:18:49.111,1.73123,1.7318,3.42,1.28
2011.01.06 11:18:49.332,1.73136,1.73193,1.35,1.47
2011.01.06 11:18:49.772,1.73136,1.73193,3.64,1.28
2011.01.06 11:18:49.990,1.73136,1.73193,1.43,1.28
2011.01.06 11:18:50.320,1.73136,1.73193,3.64,1.28
2011.01.06 11:18:52.640,1.73136,1.73193,1.43,1.28
2011.01.06 11:18:53.733,1.73136,1.73193,1.35,1.28
2011.01.06 11:18:53.858,1.73124,1.73192,3.60,1.47
2011.01.06 11:19:02.105,1.73137,1.73192,3.42,1.28
2011.01.06 11:19:02.552,1.73124,1.73192,1.62,1.28
2011.01.06 11:19:02.661,1.73124,1.73192,4.05,1.28
2011.01.06 11:19:04.810,1.73141,1.732,1.28,1.28
2011.01.06 11:19:05.801,1.73141,1.732,1.58,1.28
2011.01.06 11:19:06.350,1.73141,1.732,1.58,1.47
2011.01.06 11:19:07.511,1.73141,1.732,1.28,1.47
2011.01.06 11:19:08.662,1.73141,1.732,1.58,1.47
2011.01.06 11:19:09.741,1.73141,1.73187,1.28,1.28
2011.01.06 11:19:10.204,1.73141,1.732,1.28,1.47
2011.01.06 11:19:10.322,1.73125,1.73192,2.74,1.47
2011.01.06 11:19:10.649,1.73124,1.73192,4.58,1.28
2011.01.06 11:19:10.870,1.73124,1.73192,1.80,1.28
2011.01.06 11:19:11.353,1.73123,1.7318,1.95,1.28
2011.01.06 11:19:11.461,1.73125,1.73191,1.43,1.47
2011.01.06 11:19:11.571,1.73125,1.73191,3.42,1.28
2011.01.06 11:19:17.680,1.73125,1.73191,3.79,1.28
2011.01.06 11:19:19.590,1.73125,1.73191,3.42,1.28
2011.01.06 11:19:20.221,1.73128,1.73191,1.08,1.28
2011.01.06 11:19:20.710,1.73136,1.73193,3.42,1.28
2011.01.06 11:19:23.512,1.73137,1.73206,1.62,1.47
2011.01.06 11:19:23.622,1.73149,1.73206,1.28,1.28
2011.01.06 11:19:26.860,1.73149,1.73206,1.28,2.22
2011.01.06 11:19:26.971,1.73149,1.73206,1.28,1.47
2011.01.06 11:19:27.192,1.73142,1.73206,1.35,1.47
2011.01.06 11:19:27.752,1.73137,1.73206,4.38,1.28
2011.01.06 11:19:28.395,1.73137,1.73206,2.44,1.28
2011.01.06 11:19:29.840,1.73137,1.73156,1.17,1.28
2011.01.06 11:19:30.061,1.73131,1.73156,1.88,1.28
2011.01.06 11:19:30.283,1.73108,1.73156,2.18,1.28
2011.01.06 11:19:30.391,1.73108,1.7318,2.18,6.00
2011.01.06 11:19:30.501,1.73108,1.7318,5.29,6.00
2011.01.06 11:19:30.612,1.73114,1.73183,1.54,2.22
2011.01.06 11:19:30.719,1.73114,1.73183,1.54,3.34
2011.01.06 11:19:31.080,1.73114,1.73183,3.89,1.47
2011.01.06 11:19:31.640,1.73114,1.73183,4.26,1.47
2011.01.06 11:19:33.060,1.73118,1.73183,1.20,1.47
2011.01.06 11:19:33.731,1.73114,1.73183,4.26,1.47
2011.01.06 11:19:33.952,1.73127,1.73183,1.43,1.28
2011.01.06 11:19:36.629,1.73127,1.73183,1.73,1.28
2011.01.06 11:19:37.445,1.73131,1.73195,1.30,1.28
2011.01.06 11:19:38.544,1.7314,1.73197,3.60,1.28
2011.01.06 11:19:38.872,1.73142,1.73208,1.30,2.03
2011.01.06 11:19:39.474,1.73144,1.73208,1.08,2.03
2011.01.06 11:19:39.580,1.73141,1.73208,3.68,2.03
2011.01.06 11:19:39.801,1.73141,1.73208,4.08,2.03
2011.01.06 11:19:40.261,1.73141,1.73202,3.60,1.69
2011.01.06 11:19:40.371,1.73136,1.7318,5.14,1.47
2011.01.06 11:19:40.483,1.73124,1.73179,2.03,2.22
2011.01.06 11:19:40.589,1.73124,1.73155,2.03,1.28
2011.01.06 11:19:41.046,1.73118,1.73151,1.05,1.47
2011.01.06 11:19:41.167,1.7311,1.73155,1.28,1.28
2011.01.06 11:19:42.190,1.7311,1.73155,1.58,1.28
2011.01.06 11:19:42.570,1.7311,1.73155,3.60,1.28
2011.01.06 11:19:45.906,1.7311,1.73155,1.43,1.28
2011.01.06 11:19:46.023,1.7311,1.73155,3.60,1.28
2011.01.06 11:19:46.866,1.7311,1.73155,1.43,1.28
2011.01.06 11:19:47.361,1.73118,1.73173,1.62,1.47
2011.01.06 11:19:47.472,1.73118,1.73173,3.68,1.47
2011.01.06 11:19:48.442,1.73118,1.73173,4.26,1.47
2011.01.06 11:19:49.179,1.73118,1.73173,3.79,1.28
2011.01.06 11:19:50.696,1.73118,1.73173,1.58,1.28
2011.01.06 11:19:50.811,1.73118,1.73173,4.02,1.28
2011.01.06 11:19:51.786,1.73118,1.73173,1.58,1.28
2011.01.06 11:19:52.934,1.73106,1.73172,1.08,1.47
2011.01.06 11:19:55.632,1.73106,1.73173,1.08,1.28
2011.01.06 11:19:59.471,1.73104,1.73173,3.79,1.47
2011.01.06 11:19:59.693,1.73104,1.7316,3.64,1.28
2011.01.06 11:20:02.411,1.73104,1.73157,1.28,1.28
2011.01.06 11:20:02.632,1.73096,1.73143,1.80,1.28
2011.01.06 11:20:03.430,1.73096,1.73143,1.80,1.28
2011.01.06 11:20:04.151,1.73096,1.73143,1.80,1.28
2011.01.06 11:20:04.570,1.73096,1.73143,4.02,1.28
2011.01.06 11:20:04.680,1.73096,1.73143,1.80,1.28
2011.01.06 11:20:04.933,1.73096,1.73143,4.02,1.28
2011.01.06 11:20:05.403,1.73097,1.73148,4.02,1.47
2011.01.06 11:20:05.515,1.73098,1.73143,1.54,1.28
2011.01.06 11:20:05.771,1.73096,1.73143,3.90,1.28
2011.01.06 11:20:07.933,1.73096,1.73143,3.79,1.28
2011.01.06 11:20:08.371,1.73096,1.73143,3.64,1.28
2011.01.06 11:20:08.584,1.73097,1.73143,1.20,1.28
2011.01.06 11:20:09.532,1.73096,1.73143,3.64,1.28
2011.01.06 11:20:09.644,1.73098,1.73143,1.20,1.28
2011.01.06 11:20:11.955,1.73096,1.73143,3.64,1.28
2011.01.06 11:20:12.458,1.73099,1.73154,2.76,1.28
2011.01.06 11:20:15.733,1.73109,1.73156,1.43,1.28
2011.01.06 11:20:16.191,1.73109,1.73156,3.60,1.28
2011.01.06 11:20:16.300,1.73109,1.73156,1.43,1.28
2011.01.06 11:20:16.411,1.73109,1.73156,3.60,1.28
2011.01.06 11:20:19.321,1.73109,1.73156,3.60,1.28
2011.01.06 11:20:19.903,1.73109,1.73156,1.58,1.28
2011.01.06 11:20:22.069,1.73109,1.73156,4.02,1.28
2011.01.06 11:20:22.634,1.73109,1.73156,3.79,1.28
2011.01.06 11:20:23.695,1.73123,1.73167,1.30,1.28
2011.01.06 11:20:23.924,1.73112,1.73168,2.89,1.47
2011.01.06 11:20:24.535,1.73113,1.73168,1.30,1.47
2011.01.06 11:20:25.431,1.73122,1.73168,1.30,1.28
2011.01.06 11:20:25.956,1.73123,1.73169,3.64,1.28
2011.01.06 11:20:29.791,1.73123,1.73169,1.43,2.22
2011.01.06 11:20:30.691,1.73107,1.73164,4.39,1.28
2011.01.06 11:20:31.492,1.73108,1.73164,1.20,1.47
2011.01.06 11:20:31.605,1.73104,1.73162,1.39,1.47
2011.01.06 11:20:32.054,1.73104,1.73151,1.39,1.28
2011.01.06 11:20:32.163,1.73109,1.73156,1.58,1.28
2011.01.06 11:20:33.899,1.73109,1.73156,3.60,1.28
2011.01.06 11:20:35.620,1.73109,1.73156,3.79,1.28
2011.01.06 11:20:35.729,1.7311,1.73168,3.79,1.28
2011.01.06 11:20:36.410,1.7311,1.73168,4.02,1.28
2011.01.06 11:20:39.330,1.73109,1.73156,3.60,1.28
2011.01.06 11:20:39.645,1.73109,1.73156,1.58,1.28
2011.01.06 11:20:40.343,1.73101,1.73154,1.35,1.28
2011.01.06 11:20:41.986,1.7311,1.73155,3.60,1.28
2011.01.06 11:20:42.414,1.7311,1.73155,1.58,1.28
2011.01.06 11:20:43.559,1.7311,1.73155,1.58,1.28
2011.01.06 11:20:43.671,1.7311,1.73155,4.02,1.28
2011.01.06 11:20:44.650,1.73116,1.73168,1.08,1.28
2011.01.06 11:20:45.225,1.73123,1.73169,3.64,1.28
2011.01.06 11:20:57.296,1.73123,1.73169,1.43,1.47
2011.01.06 11:20:57.653,1.73123,1.73169,4.02,1.47
2011.01.06 11:20:57.983,1.73128,1.73169,1.20,1.28
2011.01.06 11:20:59.348,1.73123,1.73169,3.64,1.28
2011.01.06 11:20:59.578,1.73128,1.73169,1.20,1.28
2011.01.06 11:21:01.346,1.73123,1.73169,3.64,1.28
2011.01.06 11:21:01.510,1.73128,1.73169,1.20,1.28
2011.01.06 11:21:01.883,1.73137,1.73181,1.50,2.22
2011.01.06 11:21:02.417,1.73122,1.73177,1.30,1.47
2011.01.06 11:21:03.256,1.7312,1.73177,4.02,1.28
2011.01.06 11:21:03.741,1.73128,1.73182,1.20,1.47
2011.01.06 11:21:04.408,1.73135,1.73194,3.64,2.22
2011.01.06 11:21:04.514,1.73138,1.73207,1.20,2.82
2011.01.06 11:21:04.633,1.73135,1.73207,4.11,2.82
2011.01.06 11:21:05.423,1.73135,1.73194,3.42,1.28
2011.01.06 11:21:05.530,1.73135,1.73194,1.35,1.28
2011.01.06 11:21:05.751,1.73136,1.73207,3.64,2.22
2011.01.06 11:21:06.326,1.73136,1.73208,1.08,1.47
2011.01.06 11:21:06.791,1.73135,1.73207,3.42,1.69
2011.01.06 11:21:06.900,1.73138,1.73207,1.20,1.69
2011.01.06 11:21:07.303,1.73138,1.73195,1.20,1.28
2011.01.06 11:21:07.411,1.73134,1.73195,3.64,1.28
2011.01.06 11:21:08.620,1.73137,1.73195,1.20,1.28
2011.01.06 11:21:09.060,1.73136,1.73196,3.64,1.28
2011.01.06 11:21:10.861,1.73142,1.73196,1.77,1.28
2011.01.06 11:21:10.974,1.73151,1.73208,1.43,1.28
2011.01.06 11:21:11.422,1.73151,1.73219,1.58,1.32
2011.01.06 11:21:11.534,1.73151,1.73219,4.02,1.32
2011.01.06 11:21:11.862,1.73151,1.73219,1.58,1.32
2011.01.06 11:21:13.002,1.73151,1.73219,1.43,1.32
2011.01.06 11:21:13.111,1.73151,1.73216,1.43,1.32
2011.01.06 11:21:13.223,1.73151,1.73208,1.28,1.28
2011.01.06 11:21:13.794,1.73151,1.7322,1.58,2.22
2011.01.06 11:21:14.090,1.73151,1.73208,1.58,1.47
2011.01.06 11:21:14.201,1.73151,1.73208,1.28,1.47
2011.01.06 11:21:14.422,1.73151,1.73208,1.58,2.22
2011.01.06 11:21:15.010,1.73137,1.73195,3.79,1.47
2011.01.06 11:21:17.828,1.73138,1.73207,4.08,1.28
2011.01.06 11:21:17.946,1.7315,1.73209,1.58,1.28
2011.01.06 11:21:18.172,1.7315,1.73209,3.60,1.28
2011.01.06 11:21:18.782,1.7315,1.73209,1.43,1.28
2011.01.06 11:21:18.891,1.7315,1.73209,3.60,1.28
2011.01.06 11:21:19.131,1.7315,1.73209,1.43,1.28
2011.01.06 11:21:19.240,1.7315,1.73209,3.60,1.28
2011.01.06 11:21:20.157,1.7315,1.73209,1.43,1.28
2011.01.06 11:21:20.660,1.7315,1.73209,3.60,1.28
2011.01.06 11:21:21.330,1.7315,1.73209,1.43,1.28
2011.01.06 11:21:21.938,1.7315,1.73209,1.58,1.28
2011.01.06 11:21:22.051,1.7315,1.73209,1.28,1.28
2011.01.06 11:21:22.272,1.7315,1.73209,1.58,1.28
2011.01.06 11:21:23.049,1.7315,1.73209,1.28,1.28
2011.01.06 11:21:23.161,1.7315,1.73209,1.58,1.28
2011.01.06 11:21:24.320,1.7315,1.73209,1.28,1.28
2011.01.06 11:21:24.432,1.7315,1.73209,1.58,1.28
2011.01.06 11:21:24.980,1.7315,1.73209,1.28,1.28
2011.01.06 11:21:29.669,1.73137,1.73208,4.05,1.28
2011.01.06 11:21:29.789,1.73137,1.73208,3.79,2.22
2011.01.06 11:21:29.903,1.73137,1.73208,3.79,2.22
2011.01.06 11:21:31.741,1.73137,1.73208,3.64,3.49
2011.01.06 11:21:31.852,1.73137,1.73195,1.50,1.28
2011.01.06 11:21:32.479,1.73137,1.73195,3.79,1.28
2011.01.06 11:21:32.812,1.73143,1.73208,1.08,1.28
2011.01.06 11:21:33.410,1.73143,1.73208,1.08,1.28
2011.01.06 11:21:33.631,1.73143,1.73205,1.08,1.28
2011.01.06 11:21:33.741,1.73137,1.73205,1.08,1.28
2011.01.06 11:21:34.606,1.73148,1.73208,1.50,1.47
2011.01.06 11:21:36.880,1.73148,1.73208,1.43,1.47
2011.01.06 11:21:41.733,1.73148,1.73202,1.43,2.22
2011.01.06 11:21:43.107,1.73134,1.73195,5.93,1.28
2011.01.06 11:21:43.236,1.73148,1.73208,1.50,1.47
2011.01.06 11:21:46.370,1.73148,1.73208,1.35,1.47
2011.01.06 11:21:47.527,1.73148,1.73208,1.50,1.47
2011.01.06 11:21:47.642,1.73148,1.73208,1.35,1.47
2011.01.06 11:21:48.083,1.73148,1.73208,1.50,1.47
2011.01.06 11:21:48.410,1.73148,1.73208,1.35,1.47
2011.01.06 11:21:48.959,1.73148,1.73208,1.43,1.47
2011.01.06 11:21:49.430,1.73148,1.73208,1.35,1.47
2011.01.06 11:21:50.064,1.73148,1.73208,1.43,1.47
2011.01.06 11:21:50.680,1.73148,1.73208,1.28,1.47
2011.01.06 11:21:51.641,1.73148,1.73208,1.50,1.47
2011.01.06 11:21:53.632,1.73148,1.73208,1.28,1.47
2011.01.06 11:21:55.601,1.73148,1.73208,1.43,1.47
2011.01.06 11:21:58.201,1.73148,1.73208,1.35,1.47
2011.01.06 11:21:59.600,1.73148,1.73208,1.50,1.47
2011.01.06 11:21:59.712,1.73148,1.73208,1.35,1.47
2011.01.06 11:22:00.264,1.73148,1.73208,1.50,1.47
2011.01.06 11:22:00.799,1.73148,1.73208,1.43,1.47
2011.01.06 11:22:02.376,1.73148,1.73208,1.35,1.47
2011.01.06 11:22:03.273,1.73148,1.73208,1.43,1.47
2011.01.06 11:22:04.150,1.73148,1.73208,1.28,1.47
2011.01.06 11:22:04.929,1.73148,1.73208,2.22,1.28
2011.01.06 11:22:05.263,1.73187,1.7323,1.43,1.88
2011.01.06 11:22:05.821,1.73188,1.73247,1.28,1.47
2011.01.06 11:22:17.062,1.73188,1.73247,1.28,1.28
2011.01.06 11:22:17.284,1.73193,1.73255,1.28,1.47
2011.01.06 11:22:17.894,1.73188,1.73247,1.28,1.47
2011.01.06 11:22:22.080,1.73188,1.73247,1.35,1.28
2011.01.06 11:22:22.896,1.732,1.73261,1.28,1.47
2011.01.06 11:22:24.181,1.732,1.73261,1.28,1.47
2011.01.06 11:22:24.290,1.73188,1.7326,1.62,1.28
2011.01.06 11:22:24.402,1.732,1.73261,1.28,1.28
2011.01.06 11:22:26.152,1.732,1.73261,1.28,2.22
2011.01.06 11:22:26.710,1.73187,1.73248,1.28,1.47
2011.01.06 11:22:27.041,1.73189,1.73267,1.47,2.59
2011.01.06 11:22:27.457,1.73189,1.73267,1.28,2.59
2011.01.06 11:22:27.683,1.73187,1.73261,1.43,1.84
2011.01.06 11:22:28.911,1.73188,1.73247,1.73,1.28
2011.01.06 11:22:29.021,1.73187,1.73259,1.43,2.59
2011.01.06 11:22:29.681,1.73187,1.73259,3.42,1.32
2011.01.06 11:22:29.900,1.73187,1.73259,1.35,1.32
2011.01.06 11:22:30.009,1.73188,1.73247,1.73,1.28
2011.01.06 11:22:30.666,1.73188,1.73247,1.43,1.28
2011.01.06 11:22:30.787,1.73187,1.73259,1.43,1.32
2011.01.06 11:22:30.902,1.73187,1.73259,3.42,1.32
2011.01.06 11:22:31.799,1.73187,1.7326,1.35,1.32
2011.01.06 11:22:31.913,1.73187,1.7326,1.50,1.32
2011.01.06 11:22:32.340,1.73187,1.7326,1.35,1.32
2011.01.06 11:22:34.015,1.73187,1.73248,1.73,1.28
2011.01.06 11:22:34.131,1.73187,1.73248,1.35,1.28
2011.01.06 11:22:34.353,1.73187,1.7326,1.35,1.32
2011.01.06 11:22:35.101,1.73187,1.73259,1.50,2.22
2011.01.06 11:22:35.865,1.73187,1.73248,1.50,1.28
2011.01.06 11:22:36.092,1.73187,1.73248,1.43,1.28
2011.01.06 11:22:36.736,1.73187,1.73248,1.73,1.28
2011.01.06 11:22:37.072,1.73188,1.73258,1.28,2.22
2011.01.06 11:22:37.650,1.73187,1.73248,1.28,1.47
2011.01.06 11:22:37.871,1.73175,1.73234,1.35,1.47
2011.01.06 11:22:38.401,1.73174,1.73235,1.80,1.47
2011.01.06 11:22:38.731,1.73174,1.73235,1.65,1.47
2011.01.06 11:22:39.329,1.73174,1.73235,1.65,1.47
2011.01.06 11:22:39.447,1.73174,1.73235,1.80,1.47
2011.01.06 11:22:42.861,1.73174,1.73235,1.80,2.22
2011.01.06 11:22:43.367,1.73162,1.73221,1.28,1.47
2011.01.06 11:22:44.722,1.73161,1.73221,2.03,2.22
2011.01.06 11:22:44.835,1.73148,1.73208,1.73,1.47
2011.01.06 11:22:45.617,1.73148,1.73208,3.79,1.47
2011.01.06 11:22:46.972,1.73148,1.73208,1.73,1.47
2011.01.06 11:22:47.831,1.73148,1.73208,4.02,1.28
2011.01.06 11:22:48.393,1.73148,1.73221,4.02,2.22
2011.01.06 11:22:48.612,1.73148,1.73208,1.73,1.28
2011.01.06 11:22:48.723,1.73142,1.73207,5.10,1.47
2011.01.06 11:22:49.197,1.73142,1.73195,5.29,1.28
2011.01.06 11:22:49.315,1.73148,1.73209,1.20,1.28
2011.01.06 11:22:49.432,1.73147,1.73209,1.73,1.28
2011.01.06 11:22:49.542,1.73149,1.7322,1.58,2.22
2011.01.06 11:22:49.652,1.73146,1.73221,2.29,1.47
2011.01.06 11:22:50.089,1.7316,1.73222,1.28,1.47
2011.01.06 11:22:50.528,1.7316,1.73222,1.58,1.47
2011.01.06 11:22:50.761,1.7316,1.73222,1.28,1.47
2011.01.06 11:22:51.470,1.7316,1.73222,1.43,1.47
2011.01.06 11:22:53.885,1.7316,1.73222,1.28,1.47
2011.01.06 11:22:59.871,1.7316,1.73222,4.02,1.47
2011.01.06 11:22:59.980,1.7316,1.73222,1.58,1.47
2011.01.06 11:23:00.993,1.7316,1.73222,1.43,2.22
2011.01.06 11:23:01.456,1.73148,1.73217,4.39,1.69
2011.01.06 11:23:01.573,1.73148,1.73219,4.86,2.22
2011.01.06 11:23:02.505,1.73147,1.73209,1.73,1.47
2011.01.06 11:23:03.325,1.73147,1.73209,3.42,1.47
2011.01.06 11:23:03.782,1.73147,1.73209,3.79,1.47
2011.01.06 11:23:03.890,1.73147,1.73209,3.42,1.47
2011.01.06 11:23:04.000,1.73147,1.73209,3.79,1.47
2011.01.06 11:23:04.406,1.73147,1.73209,1.73,1.47
2011.01.06 11:23:05.841,1.73147,1.73209,3.79,1.47
2011.01.06 11:23:05.951,1.73147,1.73209,3.42,1.47
2011.01.06 11:23:10.991,1.73147,1.73209,3.42,2.22
2011.01.06 11:23:11.211,1.73136,1.73206,8.33,1.32
2011.01.06 11:23:11.661,1.73137,1.73206,1.20,1.32
2011.01.06 11:23:11.882,1.73136,1.73206,3.64,1.32
2011.01.06 11:23:13.864,1.73137,1.73208,1.08,1.65
2011.01.06 11:23:14.191,1.73148,1.73208,3.79,1.84
2011.01.06 11:23:14.302,1.73148,1.73208,1.43,1.84
2011.01.06 11:23:17.743,1.73136,1.73206,5.14,1.32
2011.01.06 11:23:17.854,1.73135,1.73194,3.64,1.28
2011.01.06 11:23:18.181,1.73125,1.73189,5.14,1.47
2011.01.06 11:23:18.741,1.73123,1.73189,1.39,1.47
2011.01.06 11:23:19.072,1.73137,1.73181,1.43,1.28
2011.01.06 11:23:19.920,1.73137,1.73181,1.50,1.28
2011.01.06 11:23:20.030,1.73137,1.73181,1.43,1.28
2011.01.06 11:23:20.525,1.73138,1.73194,1.77,1.47
2011.01.06 11:23:20.700,1.73138,1.73194,1.47,1.47
2011.01.06 11:23:21.013,1.73126,1.73189,2.74,2.22
2011.01.06 11:23:21.444,1.73122,1.73189,8.70,2.22
2011.01.06 11:23:21.556,1.73117,1.73189,2.14,2.22
2011.01.06 11:23:21.892,1.73121,1.7319,4.26,2.74
2011.01.06 11:23:22.111,1.73121,1.7319,4.49,1.47
2011.01.06 11:23:24.341,1.73127,1.7319,1.20,1.47
2011.01.06 11:23:27.031,1.73122,1.7319,5.52,1.47
2011.01.06 11:23:27.568,1.73121,1.7319,8.95,1.47
2011.01.06 11:23:28.113,1.73122,1.7319,1.08,1.28
2011.01.06 11:23:28.551,1.73134,1.7319,3.64,1.28
2011.01.06 11:23:29.387,1.73134,1.7319,3.64,1.28
2011.01.06 11:23:29.508,1.73147,1.73204,3.79,1.84
2011.01.06 11:23:30.084,1.73137,1.73203,5.29,1.84
2011.01.06 11:23:31.217,1.73136,1.73203,6.23,1.47
2011.01.06 11:23:31.550,1.73138,1.73203,1.20,1.47
2011.01.06 11:23:32.331,1.73138,1.73203,1.20,2.22
2011.01.06 11:23:32.442,1.73136,1.73203,1.17,2.22
2011.01.06 11:23:32.550,1.73136,1.73189,1.17,1.28
2011.01.06 11:23:33.234,1.73138,1.7319,1.20,1.47
2011.01.06 11:23:33.461,1.73137,1.7319,1.39,1.47
2011.01.06 11:23:34.992,1.73137,1.7319,2.14,1.47
2011.01.06 11:23:35.411,1.73137,1.7319,1.39,1.47
2011.01.06 11:23:37.519,1.73132,1.7319,2.14,1.47
2011.01.06 11:23:38.164,1.73138,1.7319,1.20,1.47
2011.01.06 11:23:39.278,1.73138,1.7319,1.20,1.28
2011.01.06 11:23:39.830,1.73137,1.73189,1.39,1.28
2011.01.06 11:23:39.940,1.73137,1.73189,2.14,1.28
2011.01.06 11:23:40.557,1.73138,1.73189,1.08,1.28
2011.01.06 11:23:40.678,1.73147,1.73204,4.26,1.28
2011.01.06 11:23:41.351,1.73162,1.73238,1.58,4.13
2011.01.06 11:23:41.464,1.73161,1.73229,1.58,1.28
2011.01.06 11:23:42.363,1.73161,1.73229,1.43,1.47
2011.01.06 11:23:42.690,1.7316,1.73217,1.28,1.28
2011.01.06 11:23:42.910,1.7315,1.73215,1.62,1.47
2011.01.06 11:23:43.644,1.73155,1.73215,1.17,1.47
2011.01.06 11:23:43.864,1.73151,1.73215,1.47,1.47
2011.01.06 11:23:43.974,1.73148,1.73203,2.18,1.47
2011.01.06 11:23:44.572,1.7315,1.73216,1.62,1.47
2011.01.06 11:23:45.043,1.73156,1.73216,1.17,1.47
2011.01.06 11:23:46.682,1.73151,1.73216,1.47,2.22
2011.01.06 11:23:47.178,1.73151,1.7319,1.47,1.28
2011.01.06 11:23:47.283,1.73135,1.73189,3.42,1.28
2011.01.06 11:23:47.501,1.73135,1.73189,3.42,1.47
2011.01.06 11:23:48.012,1.73135,1.73198,3.42,1.28
2011.01.06 11:23:48.123,1.73138,1.73202,1.20,1.47
2011.01.06 11:23:49.060,1.73135,1.73202,3.64,1.47
2011.01.06 11:23:49.280,1.73135,1.73202,3.79,1.47
2011.01.06 11:24:00.963,1.73135,1.73202,3.64,1.47
2011.01.06 11:24:02.992,1.73138,1.73202,1.20,1.47
2011.01.06 11:24:04.610,1.73138,1.73202,1.20,2.22
2011.01.06 11:24:04.722,1.73135,1.73189,3.64,1.28
2011.01.06 11:24:06.742,1.73135,1.73189,3.42,1.47
2011.01.06 11:24:07.711,1.73128,1.7319,1.62,1.47
2011.01.06 11:24:09.372,1.73123,1.7319,1.17,2.22
2011.01.06 11:24:09.991,1.73123,1.73177,1.17,1.47
2011.01.06 11:24:10.104,1.73112,1.73177,5.52,2.22
2011.01.06 11:24:10.322,1.73111,1.73164,5.52,1.28
2011.01.06 11:24:10.868,1.73107,1.73164,4.39,1.28
2011.01.06 11:24:10.989,1.73123,1.73182,1.58,1.65
2011.01.06 11:24:11.105,1.73118,1.73177,1.20,1.47
2011.01.06 11:24:11.677,1.73108,1.73163,1.20,1.47
2011.01.06 11:24:13.143,1.7311,1.73168,1.58,1.28
2011.01.06 11:24:14.562,1.73109,1.73156,3.68,1.28
2011.01.06 11:24:14.781,1.73109,1.73156,1.43,1.47
2011.01.06 11:24:15.329,1.73098,1.73155,2.01,1.28
2011.01.06 11:24:18.011,1.73098,1.73155,1.43,1.28
2011.01.06 11:24:19.242,1.73101,1.73155,1.30,1.28
2011.01.06 11:24:19.572,1.73098,1.73155,2.24,1.47
2011.01.06 11:24:19.953,1.73098,1.73137,1.30,1.65
2011.01.06 11:24:20.066,1.73086,1.73122,1.88,2.22
2011.01.06 11:24:20.181,1.73081,1.73108,1.88,1.47
2011.01.06 11:24:20.294,1.73057,1.73108,1.20,1.47
2011.01.06 11:24:20.514,1.73062,1.73126,1.30,2.22
2011.01.06 11:24:21.000,1.73072,1.73127,4.02,1.47
2011.01.06 11:24:21.705,1.73072,1.73127,4.02,1.28
2011.01.06 11:24:22.066,1.73077,1.73127,1.20,1.28
2011.01.06 11:24:22.658,1.73072,1.73127,3.79,1.28
2011.01.06 11:24:23.376,1.73079,1.73127,1.08,1.28
2011.01.06 11:24:23.485,1.73086,1.73154,1.08,1.84
2011.01.06 11:24:23.601,1.73086,1.73154,1.08,1.84
2011.01.06 11:24:24.523,1.73085,1.73154,3.79,1.84
2011.01.06 11:24:24.636,1.73085,1.73154,3.64,1.84
2011.01.06 11:24:24.754,1.73085,1.73153,3.64,1.32
2011.01.06 11:24:25.080,1.73078,1.73139,1.20,1.28
2011.01.06 11:24:29.282,1.73086,1.73153,3.64,1.28
2011.01.06 11:24:29.621,1.73087,1.73153,1.20,1.28
2011.01.06 11:24:30.085,1.73079,1.73139,5.10,1.28
2011.01.06 11:24:35.572,1.73078,1.73139,1.08,1.28
2011.01.06 11:24:36.035,1.73085,1.73154,4.26,2.22
2011.01.06 11:24:36.157,1.73085,1.7314,3.64,1.28
2011.01.06 11:24:36.836,1.73077,1.73139,1.68,1.28
2011.01.06 11:24:36.943,1.73073,1.73139,4.49,1.28
2011.01.06 11:24:37.341,1.73077,1.73139,1.68,1.28
2011.01.06 11:24:38.844,1.73077,1.73139,1.08,1.28
2011.01.06 11:24:39.178,1.73085,1.7314,3.64,1.28
2011.01.06 11:24:39.401,1.73086,1.73153,3.64,1.65
2011.01.06 11:24:39.622,1.73087,1.73153,1.20,1.65
2011.01.06 11:24:40.402,1.73087,1.73152,1.20,1.32
2011.01.06 11:24:40.511,1.73086,1.73152,3.42,1.32
2011.01.06 11:24:40.622,1.73084,1.73141,3.42,1.47
2011.01.06 11:24:40.841,1.73081,1.7314,2.18,1.47
2011.01.06 11:24:41.060,1.73078,1.7314,1.20,1.47
2011.01.06 11:24:41.511,1.73087,1.7314,1.20,1.47
2011.01.06 11:24:46.571,1.73076,1.7314,5.29,1.47
2011.01.06 11:24:46.897,1.73076,1.7314,5.29,1.47
2011.01.06 11:24:51.871,1.73077,1.73139,1.20,1.47
2011.01.06 11:24:52.090,1.73088,1.73139,1.20,1.47
2011.01.06 11:24:52.624,1.73088,1.73139,1.20,1.47
2011.01.06 11:24:52.845,1.73072,1.73127,3.79,1.28
2011.01.06 11:24:53.680,1.73064,1.73126,1.54,1.47
2011.01.06 11:24:55.751,1.73063,1.73126,5.29,1.28
2011.01.06 11:24:56.284,1.73073,1.73139,3.79,1.84
2011.01.06 11:24:56.501,1.73073,1.73139,3.79,1.84
2011.01.06 11:24:57.234,1.73088,1.7314,1.20,1.84
2011.01.06 11:24:58.401,1.73088,1.7314,1.20,1.65
2011.01.06 11:24:58.620,1.73097,1.7314,1.20,1.65
2011.01.06 11:24:58.833,1.73088,1.7314,1.20,1.65
2011.01.06 11:24:59.527,1.73088,1.7314,1.20,1.65
2011.01.06 11:25:00.398,1.73085,1.73137,3.79,1.32
2011.01.06 11:25:00.516,1.73077,1.73126,1.20,1.28
2011.01.06 11:25:00.633,1.73073,1.73128,5.29,1.28
2011.01.06 11:25:01.536,1.73088,1.73128,1.20,1.28
2011.01.06 11:25:01.873,1.73085,1.7314,3.79,1.65
2011.01.06 11:25:02.337,1.73088,1.73154,1.20,4.13
2011.01.06 11:25:02.901,1.73085,1.73154,4.26,4.13
2011.01.06 11:25:03.011,1.73098,1.73154,1.20,4.13
2011.01.06 11:25:03.340,1.73099,1.73153,1.58,2.03
2011.01.06 11:25:03.450,1.73099,1.73153,1.28,2.03
2011.01.06 11:25:04.008,1.73085,1.73154,3.72,2.03
2011.01.06 11:25:04.597,1.73085,1.73154,3.42,4.13
2011.01.06 11:25:05.810,1.73085,1.73154,3.42,1.47
2011.01.06 11:25:06.184,1.73085,1.73154,3.79,1.47
2011.01.06 11:25:06.511,1.73085,1.7314,3.79,1.28
2011.01.06 11:25:07.545,1.73085,1.7314,1.43,1.28
2011.01.06 11:25:07.772,1.73086,1.73153,1.35,2.22
2011.01.06 11:25:07.882,1.73085,1.7314,3.42,1.28
2011.01.06 11:25:13.121,1.73085,1.7314,3.79,1.28
2011.01.06 11:25:13.342,1.73085,1.73154,3.64,1.47
2011.01.06 11:25:13.824,1.73085,1.73154,1.43,1.47
2011.01.06 11:25:18.638,1.73085,1.73154,3.64,1.47
2011.01.06 11:25:18.982,1.73084,1.73141,3.42,1.28
2011.01.06 11:25:19.434,1.73084,1.73141,3.42,1.47
2011.01.06 11:25:19.556,1.73075,1.73139,1.17,1.47
2011.01.06 11:25:21.484,1.73076,1.73139,1.54,1.28
2011.01.06 11:25:21.702,1.73076,1.7314,1.17,1.47
2011.01.06 11:25:24.784,1.73075,1.7314,1.54,1.28
2011.01.06 11:25:24.891,1.73075,1.7314,1.17,1.28
2011.01.06 11:25:25.001,1.73075,1.73139,1.17,1.47
2011.01.06 11:25:33.728,1.73073,1.73139,3.79,1.47
2011.01.06 11:25:34.322,1.73073,1.73139,3.60,1.47
2011.01.06 11:25:34.758,1.73073,1.73139,3.79,1.47
2011.01.06 11:25:35.626,1.73085,1.7314,3.64,1.28
2011.01.06 11:25:35.852,1.73072,1.7314,4.49,1.28
2011.01.06 11:25:35.962,1.73078,1.7314,1.20,1.28
2011.01.06 11:25:36.589,1.73071,1.73128,4.02,1.28
2011.01.06 11:25:36.704,1.73071,1.73128,1.58,1.28
2011.01.06 11:25:37.031,1.73071,1.73128,4.02,1.28
2011.01.06 11:25:39.350,1.73077,1.73128,1.20,1.28
2011.01.06 11:25:40.072,1.73072,1.73128,1.30,1.28
2011.01.06 11:25:40.182,1.73073,1.73139,4.02,1.47
2011.01.06 11:25:40.291,1.73077,1.73139,1.20,1.47
2011.01.06 11:25:40.902,1.73078,1.73139,1.20,1.47
2011.01.06 11:25:41.012,1.73073,1.73139,3.60,1.47
2011.01.06 11:25:41.341,1.73077,1.73139,1.20,1.28
2011.01.06 11:25:41.943,1.73085,1.7314,3.64,1.28
2011.01.06 11:25:42.394,1.73085,1.7314,1.43,1.28
2011.01.06 11:25:42.502,1.73087,1.73127,1.20,1.28
2011.01.06 11:25:43.144,1.73085,1.73154,1.43,4.13
2011.01.06 11:25:43.850,1.73085,1.73154,3.42,4.13
2011.01.06 11:25:45.480,1.73085,1.73154,3.42,1.47
2011.01.06 11:25:47.660,1.73085,1.73154,3.42,2.22
2011.01.06 11:25:47.885,1.73085,1.73154,1.43,2.22
2011.01.06 11:25:49.055,1.73077,1.7314,1.05,1.28
2011.01.06 11:25:49.172,1.7308,1.7314,1.77,1.28
2011.01.06 11:25:49.392,1.73086,1.73153,3.64,1.47
2011.01.06 11:25:49.875,1.73099,1.73153,1.58,1.47
2011.01.06 11:25:49.990,1.73099,1.73153,1.28,1.47
2011.01.06 11:25:50.788,1.73099,1.73153,1.43,1.47
2011.01.06 11:25:51.122,1.73099,1.73166,1.43,1.84
2011.01.06 11:25:51.343,1.73099,1.73162,1.28,1.32
2011.01.06 11:25:51.915,1.73085,1.73154,3.42,1.47
2011.01.06 11:25:53.250,1.73085,1.73154,3.72,1.28
2011.01.06 11:25:53.581,1.73087,1.73154,1.08,1.28
2011.01.06 11:25:53.691,1.73099,1.73166,1.43,1.84
2011.01.06 11:25:53.801,1.73099,1.73153,1.28,1.28
2011.01.06 11:25:54.021,1.73087,1.73163,3.72,1.84
2011.01.06 11:25:54.385,1.73086,1.73153,3.42,1.28
2011.01.06 11:25:56.704,1.73086,1.73153,3.79,1.28
2011.01.06 11:25:57.223,1.73098,1.73154,1.50,1.28
2011.01.06 11:25:57.334,1.73099,1.73153,1.28,1.28
2011.01.06 11:25:57.552,1.73099,1.73166,1.28,1.65
2011.01.06 11:25:58.854,1.73099,1.73166,1.58,1.65
2011.01.06 11:25:59.208,1.73099,1.73166,3.60,1.65
2011.01.06 11:26:00.092,1.73099,1.73166,1.43,1.65
2011.01.06 11:26:00.312,1.73099,1.73166,3.60,1.65
2011.01.06 11:26:01.218,1.73099,1.73166,3.60,1.65
2011.01.06 11:26:01.532,1.73099,1.73166,1.43,1.65
2011.01.06 11:26:01.865,1.73099,1.73166,3.60,1.65
2011.01.06 11:26:02.782,1.73099,1.73166,1.43,1.65
2011.01.06 11:26:03.306,1.73099,1.73166,1.43,1.65
2011.01.06 11:26:03.830,1.73099,1.73166,1.43,1.65
2011.01.06 11:26:04.052,1.73099,1.73166,3.60,1.65
2011.01.06 11:26:04.486,1.73099,1.73166,1.43,1.65
2011.01.06 11:26:04.711,1.73099,1.73166,3.60,1.65
2011.01.06 11:26:05.383,1.73099,1.73166,1.43,1.65
2011.01.06 11:26:05.491,1.73099,1.73166,1.43,1.28
2011.01.06 11:26:05.711,1.73099,1.73166,3.60,1.28
2011.01.06 11:26:06.144,1.73099,1.73166,1.43,1.28
2011.01.06 11:26:07.331,1.731,1.73166,1.30,1.28
2011.01.06 11:26:07.949,1.73111,1.7318,1.28,1.84
2011.01.06 11:26:08.055,1.73098,1.73167,4.05,1.28
2011.01.06 11:26:09.211,1.73098,1.73167,1.62,1.28
2011.01.06 11:26:09.329,1.73086,1.7314,2.03,1.28
2011.01.06 11:26:10.031,1.73085,1.7314,4.09,1.28
2011.01.06 11:26:10.254,1.73073,1.73139,1.58,2.22
2011.01.06 11:26:10.362,1.73069,1.73126,2.18,1.28
2011.01.06 11:26:10.888,1.73069,1.73126,2.03,1.28
2011.01.06 11:26:11.223,1.73071,1.73128,1.58,1.28
2011.01.06 11:26:12.040,1.73062,1.73127,1.35,1.28
2011.01.06 11:26:12.523,1.73062,1.73127,1.54,1.28
2011.01.06 11:26:13.572,1.73072,1.73127,4.26,1.28
2011.01.06 11:26:13.681,1.73073,1.73139,3.79,1.28
2011.01.06 11:26:14.991,1.73073,1.73139,4.02,1.28
2011.01.06 11:26:16.395,1.73079,1.73139,1.08,1.28
2011.01.06 11:26:16.504,1.73085,1.7314,3.64,1.28
2011.01.06 11:26:17.766,1.73073,1.73139,5.99,1.28
2011.01.06 11:26:18.320,1.73068,1.73139,8.76,1.28
2011.01.06 11:26:18.922,1.73067,1.73127,3.64,1.28
2011.01.06 11:26:19.253,1.73068,1.73127,1.20,1.47
2011.01.06 11:26:19.718,1.73068,1.73114,1.20,1.28
2011.01.06 11:26:20.757,1.73068,1.73126,1.20,1.47
2011.01.06 11:26:20.876,1.73066,1.73126,1.54,1.28
2011.01.06 11:26:21.167,1.73067,1.73126,1.20,1.28
2011.01.06 11:26:23.265,1.73077,1.73127,1.20,1.28
2011.01.06 11:26:24.641,1.73067,1.73127,4.39,1.28
2011.01.06 11:26:29.142,1.73067,1.73138,1.20,1.47
2011.01.06 11:26:29.360,1.73067,1.73138,1.20,2.22
2011.01.06 11:26:29.471,1.73061,1.73126,8.70,1.28
2011.01.06 11:26:30.765,1.73059,1.73126,1.08,1.28
2011.01.06 11:26:30.883,1.73058,1.73126,1.08,1.28
2011.01.06 11:26:31.087,1.73059,1.73126,1.08,1.28
2011.01.06 11:26:31.288,1.73057,1.73126,2.01,1.28
2011.01.06 11:26:32.373,1.73059,1.73126,1.08,1.28
2011.01.06 11:26:32.702,1.73053,1.73114,4.02,1.28
2011.01.06 11:26:32.812,1.73058,1.73114,1.20,1.28
2011.01.06 11:26:38.962,1.73067,1.73114,1.20,1.28
2011.01.06 11:26:39.847,1.73067,1.73113,1.20,1.28
2011.01.06 11:26:39.966,1.73054,1.73112,5.39,1.28
2011.01.06 11:26:40.084,1.73054,1.73127,3.89,2.22
2011.01.06 11:26:40.192,1.73054,1.73127,2.29,1.47
2011.01.06 11:26:40.304,1.73061,1.73138,2.22,2.22
2011.01.06 11:26:40.893,1.73064,1.73147,1.09,6.00
2011.01.06 11:26:41.893,1.73061,1.73147,1.77,4.13
2011.01.06 11:26:42.001,1.73061,1.73147,4.49,4.13
2011.01.06 11:26:43.598,1.73061,1.73147,4.49,4.13
2011.01.06 11:26:45.381,1.73071,1.73148,1.30,2.03
2011.01.06 11:26:45.491,1.7307,1.73148,1.83,1.28
2011.01.06 11:26:46.134,1.7307,1.73149,4.08,1.28
2011.01.06 11:26:46.242,1.7307,1.73149,1.43,1.28
2011.01.06 11:26:46.353,1.73071,1.73149,1.30,1.28
2011.01.06 11:26:46.861,1.73071,1.73148,1.30,1.28
2011.01.06 11:26:47.370,1.73069,1.73148,1.28,1.28
2011.01.06 11:26:48.042,1.73071,1.73148,1.30,1.28
2011.01.06 11:26:48.464,1.73071,1.73112,1.30,1.28
2011.01.06 11:26:48.575,1.73063,1.73112,1.02,1.28
2011.01.06 11:26:48.910,1.73065,1.73125,1.65,1.47
2011.01.06 11:26:49.759,1.73063,1.73125,2.82,1.47
2011.01.06 11:26:49.875,1.73063,1.73118,1.24,1.28
2011.01.06 11:26:50.210,1.73049,1.73098,1.28,1.28
2011.01.06 11:26:52.902,1.73049,1.73098,1.47,1.28
2011.01.06 11:26:54.455,1.73049,1.73098,3.68,1.28
2011.01.06 11:26:54.681,1.73036,1.73097,3.64,2.22
2011.01.06 11:26:54.902,1.73036,1.73085,3.64,1.28
2011.01.06 11:26:55.329,1.73036,1.73085,1.43,1.28
2011.01.06 11:26:55.445,1.73042,1.73086,1.09,1.28
2011.01.06 11:26:55.561,1.73042,1.73099,1.09,1.13
2011.01.06 11:26:55.674,1.7304,1.73101,1.28,1.65
2011.01.06 11:26:55.781,1.73064,1.73118,1.28,2.03
2011.01.06 11:26:56.233,1.73064,1.73145,2.22,1.69
2011.01.06 11:26:56.901,1.73064,1.73146,1.47,2.03
2011.01.06 11:26:57.753,1.73063,1.73144,1.62,2.03
2011.01.06 11:26:58.321,1.73064,1.73146,1.62,2.03
2011.01.06 11:26:58.542,1.73052,1.73132,4.08,1.28
2011.01.06 11:26:59.013,1.73063,1.73124,4.20,1.28
2011.01.06 11:26:59.232,1.73063,1.73124,1.35,1.28
2011.01.06 11:26:59.714,1.73054,1.73135,4.92,1.65
2011.01.06 11:26:59.837,1.73058,1.73134,1.20,1.32
2011.01.06 11:27:00.543,1.73051,1.73123,2.55,2.22
2011.01.06 11:27:01.000,1.73047,1.73108,1.05,1.28
2011.01.06 11:27:01.117,1.73042,1.731,1.28,1.47
2011.01.06 11:27:01.913,1.73048,1.731,1.05,1.47
2011.01.06 11:27:02.865,1.73047,1.731,1.05,1.47
2011.01.06 11:27:04.283,1.73051,1.731,1.35,1.28
2011.01.06 11:27:04.395,1.73042,1.731,1.02,1.28
2011.01.06 11:27:05.061,1.73046,1.731,1.65,1.28
2011.01.06 11:27:11.786,1.7304,1.73101,3.68,1.28
2011.01.06 11:27:12.181,1.73042,1.73101,1.24,1.28
2011.01.06 11:27:12.701,1.73042,1.73113,2.59,1.84
2011.01.06 11:27:13.254,1.73042,1.73113,3.12,1.84
2011.01.06 11:27:14.827,1.73042,1.73113,3.12,1.84
2011.01.06 11:27:17.062,1.73054,1.73113,1.35,1.28
2011.01.06 11:27:17.502,1.73048,1.73114,1.08,1.28
2011.01.06 11:27:18.298,1.73054,1.73113,3.64,1.28
2011.01.06 11:27:18.412,1.73054,1.73113,1.43,1.28
2011.01.06 11:27:19.082,1.73054,1.73113,3.64,1.28
2011.01.06 11:27:20.242,1.73057,1.73113,1.08,1.28
2011.01.06 11:27:20.570,1.73063,1.73127,3.12,1.65
2011.01.06 11:27:21.171,1.73065,1.73124,2.40,1.28
2011.01.06 11:27:21.787,1.73076,1.73137,3.72,2.03
2011.01.06 11:27:21.908,1.73077,1.73137,1.09,2.03
2011.01.06 11:27:22.022,1.73087,1.73139,1.28,2.03
2011.01.06 11:27:23.395,1.73079,1.73138,2.22,4.13
2011.01.06 11:27:23.864,1.73086,1.73138,1.02,2.03
2011.01.06 11:27:23.986,1.73075,1.73136,1.54,2.82
2011.01.06 11:27:24.322,1.73079,1.73126,1.28,2.22
2011.01.06 11:27:24.806,1.73058,1.73115,1.47,1.47
2011.01.06 11:27:25.032,1.73053,1.73114,2.40,1.47
2011.01.06 11:27:25.602,1.7306,1.73126,2.22,1.32
2011.01.06 11:27:26.504,1.73073,1.73127,1.09,1.65
2011.01.06 11:27:26.833,1.73073,1.73139,5.59,4.13
2011.01.06 11:27:27.229,1.73073,1.73139,5.59,1.47
2011.01.06 11:27:27.344,1.73073,1.73139,3.42,1.28
2011.01.06 11:27:27.452,1.73073,1.73139,1.43,1.28
2011.01.06 11:27:29.022,1.73073,1.73139,1.43,2.22
2011.01.06 11:27:29.398,1.73046,1.731,4.09,1.28
2011.01.06 11:27:30.103,1.73045,1.73101,2.03,1.47
2011.01.06 11:27:30.224,1.73052,1.73101,1.28,1.28
2011.01.06 11:27:31.461,1.73052,1.73101,1.28,1.28
2011.01.06 11:27:32.729,1.73052,1.73101,1.28,1.28
2011.01.06 11:27:33.447,1.73052,1.73101,1.28,1.28
2011.01.06 11:27:34.837,1.73052,1.73101,1.28,1.28
2011.01.06 11:27:36.732,1.73053,1.731,1.28,1.28
2011.01.06 11:27:38.200,1.73046,1.731,1.43,1.28
2011.01.06 11:27:38.318,1.73033,1.73087,1.43,1.28
2011.01.06 11:27:38.653,1.73033,1.73087,4.02,1.28
2011.01.06 11:27:39.044,1.73033,1.73087,1.58,1.47
2011.01.06 11:27:41.966,1.73024,1.73082,1.28,1.84
2011.01.06 11:27:42.083,1.73024,1.73074,1.43,1.28
2011.01.06 11:27:42.192,1.73024,1.73074,1.28,1.28
2011.01.06 11:27:42.678,1.73018,1.73075,1.50,1.28
2011.01.06 11:27:43.121,1.73018,1.73075,1.43,1.28
2011.01.06 11:27:43.514,1.73018,1.73075,1.43,2.22
