2011.01.13 11:00:00.103,1.71175,1.71237,1.62,2.29
2011.01.13 11:00:00.213,1.71175,1.71237,1.54,2.29
2011.01.13 11:00:02.390,1.71175,1.71232,1.35,1.32
2011.01.13 11:00:02.616,1.71162,1.71224,1.35,1.35
2011.01.13 11:00:03.302,1.71168,1.71224,1.35,1.35
2011.01.13 11:00:03.749,1.71169,1.71222,1.35,1.35
2011.01.13 11:00:04.266,1.71169,1.71222,1.35,2.29
2011.01.13 11:00:04.950,1.71155,1.7121,1.35,1.35
2011.01.13 11:00:07.152,1.71155,1.7121,1.35,2.29
2011.01.13 11:00:07.704,1.71142,1.71197,1.35,1.35
2011.01.13 11:00:09.737,1.71142,1.71197,2.29,1.35
2011.01.13 11:00:09.860,1.71142,1.71197,1.54,1.35
2011.01.13 11:00:10.084,1.71142,1.71197,1.35,2.29
2011.01.13 11:00:10.679,1.71156,1.71209,1.35,1.35
2011.01.13 11:00:11.601,1.71142,1.71202,1.35,1.54
2011.01.13 11:00:12.530,1.7113,1.71202,1.54,1.69
2011.01.13 11:00:13.474,1.7113,1.712,1.35,2.22
2011.01.13 11:00:13.694,1.7113,1.71202,1.54,2.97
2011.01.13 11:00:13.806,1.71142,1.71202,1.35,2.82
2011.01.13 11:00:14.456,1.71142,1.71202,1.35,1.54
2011.01.13 11:00:15.393,1.71142,1.71202,1.35,4.32
2011.01.13 11:00:16.034,1.71142,1.71199,1.35,1.69
2011.01.13 11:00:16.146,1.71131,1.71201,1.99,4.32
2011.01.13 11:00:16.254,1.71143,1.71201,1.35,4.32
2011.01.13 11:00:16.860,1.71131,1.71192,1.80,1.02
2011.01.13 11:00:16.975,1.71129,1.71189,1.35,1.54
2011.01.13 11:00:17.085,1.71136,1.71192,1.35,1.02
2011.01.13 11:00:17.195,1.7113,1.71188,1.35,1.54
2011.01.13 11:00:19.158,1.7113,1.71185,1.35,1.02
2011.01.13 11:00:19.850,1.71117,1.71185,1.35,1.02
2011.01.13 11:00:21.246,1.71117,1.71175,1.35,1.54
2011.01.13 11:00:22.476,1.71117,1.71175,1.35,2.29
2011.01.13 11:00:23.172,1.71108,1.71156,1.35,1.54
2011.01.13 11:00:24.216,1.71109,1.71162,1.35,1.32
2011.01.13 11:00:24.327,1.7112,1.71169,1.35,6.00
2011.01.13 11:00:24.940,1.71133,1.7117,1.35,2.82
2011.01.13 11:00:25.055,1.71117,1.7117,1.35,2.29
2011.01.13 11:00:25.771,1.71103,1.71171,1.54,2.29
2011.01.13 11:00:25.998,1.71117,1.7117,1.35,2.29
2011.01.13 11:00:26.682,1.71148,1.7117,1.35,1.28
2011.01.13 11:00:28.118,1.71161,1.71207,1.35,1.32
2011.01.13 11:00:28.236,1.71148,1.71207,1.99,1.32
2011.01.13 11:00:28.838,1.71148,1.71203,1.35,1.54
2011.01.13 11:00:29.738,1.71146,1.71191,1.35,1.35
2011.01.13 11:00:29.852,1.71135,1.71202,1.35,2.37
2011.01.13 11:00:31.314,1.71133,1.71178,1.35,1.35
2011.01.13 11:00:32.039,1.71133,1.71178,1.35,1.54
2011.01.13 11:00:33.333,1.71121,1.71178,1.73,1.54
2011.01.13 11:00:33.454,1.71121,1.71178,1.54,1.92
2011.01.13 11:00:34.248,1.7112,1.71165,1.35,1.35
2011.01.13 11:00:34.370,1.71121,1.71174,1.35,1.32
2011.01.13 11:00:35.377,1.71121,1.71178,2.29,2.10
2011.01.13 11:00:35.704,1.71147,1.7119,1.35,2.29
2011.01.13 11:00:36.964,1.71147,1.7119,1.54,2.10
2011.01.13 11:00:37.548,1.71158,1.71202,1.35,1.54
2011.01.13 11:00:37.899,1.71158,1.71202,1.35,2.29
2011.01.13 11:00:38.126,1.71144,1.7119,1.35,2.29
2011.01.13 11:00:38.700,1.71146,1.71201,1.54,2.29
2011.01.13 11:00:38.816,1.71146,1.71201,1.35,2.29
2011.01.13 11:00:38.927,1.71132,1.71199,1.35,1.39
2011.01.13 11:00:39.520,1.71133,1.71188,1.35,2.29
2011.01.13 11:00:40.636,1.71133,1.71188,1.54,1.54
2011.01.13 11:00:40.749,1.71146,1.71201,1.35,2.29
2011.01.13 11:00:41.128,1.71146,1.71201,1.35,2.29
2011.01.13 11:00:41.243,1.71144,1.7119,1.35,2.29
2011.01.13 11:00:41.867,1.71139,1.71189,1.35,1.54
2011.01.13 11:00:41.979,1.71139,1.71189,1.35,2.29
2011.01.13 11:00:43.135,1.71144,1.71189,1.39,1.35
2011.01.13 11:00:43.250,1.71153,1.71201,1.35,2.29
2011.01.13 11:00:44.556,1.71153,1.71201,1.35,2.29
2011.01.13 11:00:44.664,1.71142,1.7119,1.35,2.29
2011.01.13 11:00:45.272,1.71167,1.71207,1.35,1.32
2011.01.13 11:00:45.951,1.71167,1.71206,1.35,1.32
2011.01.13 11:00:46.073,1.71144,1.71207,2.22,1.32
2011.01.13 11:00:46.186,1.71144,1.71216,1.28,4.32
2011.01.13 11:00:46.757,1.71144,1.71204,1.47,2.29
2011.01.13 11:00:47.091,1.71154,1.71204,1.35,1.54
2011.01.13 11:00:47.875,1.71159,1.71205,1.35,1.54
2011.01.13 11:00:53.096,1.71159,1.71205,1.35,1.54
2011.01.13 11:00:54.238,1.71159,1.71205,1.35,2.29
2011.01.13 11:00:55.020,1.71155,1.71217,1.54,2.29
2011.01.13 11:00:55.357,1.71155,1.71217,2.74,1.54
2011.01.13 11:00:55.475,1.71168,1.71216,1.35,1.54
2011.01.13 11:00:56.056,1.71168,1.71215,1.35,1.39
2011.01.13 11:00:56.164,1.71154,1.71204,1.35,1.54
2011.01.13 11:00:56.274,1.71154,1.71204,1.54,1.35
2011.01.13 11:00:56.384,1.71154,1.71204,1.35,1.54
2011.01.13 11:00:57.196,1.71154,1.71204,1.54,1.35
2011.01.13 11:00:57.528,1.71161,1.71216,1.35,2.29
2011.01.13 11:00:58.116,1.71161,1.71216,1.99,1.54
2011.01.13 11:00:58.228,1.71173,1.71217,1.35,1.54
2011.01.13 11:00:59.026,1.71168,1.71216,1.35,1.54
2011.01.13 11:01:01.704,1.71168,1.71216,1.35,2.74
2011.01.13 11:01:01.928,1.71154,1.71204,1.54,1.35
2011.01.13 11:01:02.430,1.71155,1.71217,1.54,2.29
2011.01.13 11:01:05.597,1.71155,1.71217,1.35,2.29
2011.01.13 11:01:05.718,1.71168,1.71216,1.35,1.54
2011.01.13 11:01:05.835,1.71155,1.71217,1.35,2.29
2011.01.13 11:01:08.891,1.71155,1.71217,1.80,2.29
2011.01.13 11:01:09.226,1.71168,1.71216,1.35,2.29
2011.01.13 11:01:09.899,1.71168,1.71216,1.35,2.29
2011.01.13 11:01:10.018,1.71156,1.71216,1.35,2.29
2011.01.13 11:01:10.345,1.71161,1.71216,1.35,2.29
2011.01.13 11:01:13.819,1.71159,1.71205,1.35,1.35
2011.01.13 11:01:14.155,1.71159,1.71205,1.35,2.29
2011.01.13 11:01:15.447,1.71159,1.71205,1.35,2.29
2011.01.13 11:01:16.034,1.71147,1.7119,1.35,1.54
2011.01.13 11:01:19.254,1.71147,1.7119,1.35,2.29
2011.01.13 11:01:19.367,1.71134,1.71177,1.73,1.54
2011.01.13 11:01:19.970,1.71134,1.71191,1.73,2.29
2011.01.13 11:01:21.391,1.71134,1.71191,1.73,2.29
2011.01.13 11:01:21.515,1.71133,1.71178,1.73,1.54
2011.01.13 11:01:21.846,1.71134,1.71191,1.73,2.29
2011.01.13 11:01:22.387,1.71134,1.71191,1.99,2.29
2011.01.13 11:01:22.503,1.71147,1.7119,1.35,2.29
2011.01.13 11:01:22.615,1.71135,1.7119,1.73,2.29
2011.01.13 11:01:23.612,1.71146,1.71191,1.35,1.54
2011.01.13 11:01:24.331,1.71146,1.71191,1.35,1.35
2011.01.13 11:01:24.655,1.71134,1.71191,1.73,2.29
2011.01.13 11:01:25.337,1.71147,1.71204,1.35,2.74
2011.01.13 11:01:27.227,1.71146,1.71191,1.35,1.54
2011.01.13 11:01:28.066,1.71146,1.71191,1.54,1.35
2011.01.13 11:01:28.843,1.7116,1.71204,1.35,1.54
2011.01.13 11:01:29.479,1.71159,1.71205,1.35,2.29
2011.01.13 11:01:31.908,1.71172,1.71218,1.35,6.19
2011.01.13 11:01:32.652,1.71161,1.71216,1.99,4.32
2011.01.13 11:01:32.772,1.7118,1.71223,1.35,2.10
2011.01.13 11:01:32.888,1.7118,1.71223,1.35,1.35
2011.01.13 11:01:33.456,1.71186,1.7123,1.35,2.29
2011.01.13 11:01:34.648,1.71174,1.71229,1.99,1.54
2011.01.13 11:01:34.770,1.71186,1.7123,1.35,2.29
2011.01.13 11:01:38.399,1.71174,1.71229,1.35,2.29
2011.01.13 11:01:39.608,1.71174,1.71229,1.35,2.29
2011.01.13 11:01:39.912,1.71174,1.71229,1.80,2.29
2011.01.13 11:01:42.689,1.71186,1.7123,1.35,1.54
2011.01.13 11:01:48.875,1.71186,1.7123,1.35,1.35
2011.01.13 11:01:49.344,1.71186,1.7123,1.35,2.29
2011.01.13 11:01:49.466,1.71147,1.71213,1.30,2.29
2011.01.13 11:01:50.212,1.71141,1.71197,1.35,1.35
2011.01.13 11:01:50.438,1.71142,1.71209,1.35,1.54
2011.01.13 11:01:51.116,1.71142,1.71209,1.99,1.35
2011.01.13 11:01:51.234,1.71142,1.71209,1.35,1.54
2011.01.13 11:01:51.348,1.71141,1.71197,1.35,1.35
2011.01.13 11:01:51.963,1.71141,1.71197,1.54,1.35
2011.01.13 11:01:52.082,1.71142,1.71209,1.99,1.35
2011.01.13 11:01:52.195,1.71155,1.71209,1.35,1.35
2011.01.13 11:01:52.416,1.71143,1.71208,2.29,1.35
2011.01.13 11:01:52.967,1.71155,1.71209,1.35,1.35
2011.01.13 11:01:54.743,1.71154,1.7121,1.35,1.35
2011.01.13 11:01:56.285,1.71154,1.7121,1.35,1.54
2011.01.13 11:01:56.504,1.71142,1.71209,1.54,1.54
2011.01.13 11:01:57.322,1.71155,1.71209,1.35,1.54
2011.01.13 11:01:57.439,1.71155,1.71209,1.35,1.35
2011.01.13 11:01:59.815,1.71155,1.71209,1.35,1.54
2011.01.13 11:02:00.343,1.71155,1.71209,1.35,1.35
2011.01.13 11:02:01.266,1.71145,1.71208,2.59,1.35
2011.01.13 11:02:01.382,1.71154,1.7121,1.35,1.35
2011.01.13 11:02:03.870,1.71167,1.71223,1.35,2.10
2011.01.13 11:02:06.181,1.71146,1.71209,1.39,1.35
2011.01.13 11:02:06.902,1.71154,1.7121,1.35,1.35
2011.01.13 11:02:07.869,1.71142,1.71209,1.35,2.82
2011.01.13 11:02:08.094,1.71141,1.71197,1.35,1.35
2011.01.13 11:02:10.045,1.71141,1.71197,1.35,2.29
2011.01.13 11:02:10.156,1.71141,1.71196,1.35,1.73
2011.01.13 11:02:10.265,1.71142,1.71196,1.35,2.63
2011.01.13 11:02:10.965,1.71142,1.71196,1.35,2.82
2011.01.13 11:02:11.081,1.71141,1.71197,1.35,1.35
2011.01.13 11:02:11.196,1.71141,1.71197,1.35,1.54
2011.01.13 11:02:11.417,1.7113,1.71195,1.92,1.54
2011.01.13 11:02:13.049,1.71142,1.71207,1.35,2.22
2011.01.13 11:02:13.165,1.71142,1.71209,1.54,1.54
2011.01.13 11:02:14.578,1.71142,1.71209,4.17,1.35
2011.01.13 11:02:15.157,1.71156,1.71221,1.54,2.10
2011.01.13 11:02:15.494,1.71142,1.71209,1.99,1.35
2011.01.13 11:02:16.117,1.71142,1.71209,1.54,1.35
2011.01.13 11:02:16.234,1.71142,1.71209,1.84,1.35
2011.01.13 11:02:17.059,1.71154,1.7121,1.35,1.35
2011.01.13 11:02:17.545,1.71154,1.7121,1.35,1.54
2011.01.13 11:02:17.876,1.71133,1.71186,1.73,1.35
2011.01.13 11:02:21.211,1.71132,1.71187,1.92,1.35
2011.01.13 11:02:21.329,1.71132,1.712,1.92,1.54
2011.01.13 11:02:22.030,1.71145,1.712,1.35,1.35
2011.01.13 11:02:23.948,1.71141,1.71199,1.54,1.35
2011.01.13 11:02:30.756,1.71141,1.71198,1.35,1.32
2011.01.13 11:02:31.418,1.71128,1.71186,1.62,1.35
2011.01.13 11:02:31.532,1.7114,1.712,1.35,2.29
2011.01.13 11:02:31.864,1.71128,1.71186,1.54,1.35
2011.01.13 11:02:38.263,1.71133,1.71186,1.35,1.35
2011.01.13 11:02:44.072,1.71133,1.71186,1.50,1.35
2011.01.13 11:02:44.297,1.71133,1.71199,1.69,1.92
2011.01.13 11:02:47.573,1.71133,1.71199,2.14,1.92
2011.01.13 11:02:47.685,1.71145,1.712,1.35,1.73
2011.01.13 11:02:48.539,1.71133,1.71199,4.28,1.73
2011.01.13 11:02:48.659,1.71146,1.71199,1.35,1.73
2011.01.13 11:02:55.538,1.71146,1.71199,1.35,1.35
2011.01.13 11:02:59.284,1.71145,1.71205,1.35,1.35
2011.01.13 11:03:02.070,1.71145,1.71205,2.29,1.35
2011.01.13 11:03:03.241,1.71161,1.71209,1.35,1.35
2011.01.13 11:03:03.785,1.71161,1.71209,1.35,2.29
2011.01.13 11:03:03.894,1.71146,1.71204,1.43,2.29
2011.01.13 11:03:04.004,1.71146,1.71204,1.35,2.29
2011.01.13 11:03:05.193,1.71146,1.71204,1.35,1.54
2011.01.13 11:03:10.321,1.71146,1.71204,1.35,2.29
2011.01.13 11:03:10.436,1.71146,1.71204,1.35,1.62
2011.01.13 11:03:10.985,1.71145,1.71205,1.35,2.37
2011.01.13 11:03:11.101,1.71148,1.71196,1.99,1.35
2011.01.13 11:03:11.219,1.7116,1.7121,1.35,1.54
2011.01.13 11:03:11.921,1.71172,1.7122,1.35,2.29
2011.01.13 11:03:12.255,1.71159,1.71214,2.29,1.32
2011.01.13 11:03:14.355,1.71159,1.71213,1.35,1.39
2011.01.13 11:03:14.472,1.71142,1.71194,1.88,2.29
2011.01.13 11:03:14.587,1.71133,1.71181,1.54,1.35
2011.01.13 11:03:15.118,1.71133,1.71181,2.29,1.35
2011.01.13 11:03:15.253,1.71164,1.71217,1.54,2.07
2011.01.13 11:03:15.937,1.71177,1.71232,1.54,1.69
2011.01.13 11:03:16.058,1.71165,1.71234,1.54,2.82
2011.01.13 11:03:16.763,1.71165,1.71234,1.54,2.82
2011.01.13 11:03:16.881,1.71164,1.71224,1.35,1.54
2011.01.13 11:03:17.607,1.71164,1.71233,1.54,4.13
2011.01.13 11:03:17.826,1.71164,1.71236,1.69,6.19
2011.01.13 11:03:18.617,1.71164,1.71224,1.50,1.54
2011.01.13 11:03:18.739,1.71164,1.71224,1.35,1.54
2011.01.13 11:03:20.568,1.71164,1.71222,1.35,1.47
2011.01.13 11:03:20.687,1.71151,1.71223,1.54,1.99
2011.01.13 11:03:21.260,1.71151,1.71223,1.54,1.54
2011.01.13 11:03:21.381,1.71164,1.71224,1.35,1.54
2011.01.13 11:03:22.411,1.71165,1.71223,1.62,1.35
2011.01.13 11:03:22.528,1.71165,1.71235,1.62,2.29
2011.01.13 11:03:22.648,1.71156,1.71223,1.35,1.54
2011.01.13 11:03:23.156,1.71156,1.71223,1.35,2.29
2011.01.13 11:03:23.270,1.71151,1.71223,3.87,1.54
2011.01.13 11:03:23.497,1.71153,1.71223,1.17,1.35
2011.01.13 11:03:23.608,1.71158,1.71234,1.09,4.13
2011.01.13 11:03:24.228,1.71164,1.71224,1.35,1.35
2011.01.13 11:03:24.675,1.71164,1.71224,1.43,1.35
2011.01.13 11:03:25.207,1.71164,1.71224,1.35,1.35
2011.01.13 11:03:28.220,1.71157,1.71219,1.35,1.54
2011.01.13 11:03:28.557,1.71145,1.71201,2.10,1.39
2011.01.13 11:03:29.031,1.71145,1.71201,2.29,1.39
2011.01.13 11:03:29.154,1.71152,1.7121,2.29,2.22
2011.01.13 11:03:29.375,1.71152,1.71221,1.54,2.22
2011.01.13 11:03:30.172,1.71152,1.7121,1.35,1.54
2011.01.13 11:03:31.210,1.71138,1.71197,2.10,1.54
2011.01.13 11:03:31.949,1.71139,1.71208,4.32,1.92
2011.01.13 11:03:32.636,1.71139,1.71209,4.32,1.35
2011.01.13 11:03:33.158,1.71151,1.71211,1.35,1.35
2011.01.13 11:03:33.271,1.71136,1.7118,1.73,1.35
2011.01.13 11:03:33.388,1.71136,1.7118,1.28,1.54
2011.01.13 11:03:33.913,1.71126,1.7118,1.88,2.29
2011.01.13 11:03:34.023,1.71112,1.71166,1.35,1.35
2011.01.13 11:03:36.173,1.71128,1.71174,1.35,4.32
2011.01.13 11:03:36.286,1.71115,1.71161,1.35,1.35
2011.01.13 11:03:39.710,1.71119,1.71161,1.39,1.35
2011.01.13 11:03:39.826,1.71129,1.71173,1.35,2.10
2011.01.13 11:03:40.046,1.71155,1.71207,1.28,1.13
2011.01.13 11:03:40.518,1.71155,1.71191,1.73,1.88
2011.01.13 11:03:40.633,1.71178,1.71234,2.29,1.54
2011.01.13 11:03:40.745,1.71178,1.71234,1.35,2.29
2011.01.13 11:03:40.854,1.71174,1.71218,1.35,1.35
2011.01.13 11:03:40.964,1.71174,1.71218,2.29,1.35
2011.01.13 11:03:41.653,1.71174,1.7123,2.29,1.39
2011.01.13 11:03:42.098,1.71157,1.71223,2.37,2.29
2011.01.13 11:03:42.676,1.71157,1.71223,1.69,1.54
2011.01.13 11:03:43.728,1.71157,1.71223,1.54,1.54
2011.01.13 11:03:44.694,1.71157,1.71223,1.50,1.35
2011.01.13 11:03:45.210,1.71156,1.71211,1.69,1.35
2011.01.13 11:03:45.734,1.71156,1.71211,1.35,1.35
2011.01.13 11:03:46.330,1.71158,1.71228,1.80,4.32
2011.01.13 11:03:46.704,1.7115,1.71224,1.24,4.32
2011.01.13 11:03:47.381,1.7115,1.71224,1.24,4.32
2011.01.13 11:03:48.785,1.71147,1.71224,2.07,4.32
2011.01.13 11:03:48.895,1.71147,1.7121,2.07,1.35
2011.01.13 11:03:49.715,1.71147,1.71211,2.07,1.35
2011.01.13 11:03:50.967,1.71157,1.7121,1.35,1.35
2011.01.13 11:03:52.336,1.71157,1.7121,1.43,1.35
2011.01.13 11:03:53.147,1.71157,1.7121,1.35,1.35
2011.01.13 11:03:53.486,1.7116,1.7121,1.39,1.35
2011.01.13 11:03:54.281,1.7117,1.71223,1.35,2.10
2011.01.13 11:03:55.405,1.71169,1.71224,1.54,2.10
2011.01.13 11:03:55.504,1.71169,1.71224,1.54,1.35
2011.01.13 11:03:57.419,1.71156,1.71211,1.35,1.35
2011.01.13 11:04:02.303,1.71157,1.71215,1.35,1.35
2011.01.13 11:04:06.579,1.71156,1.71216,1.35,1.54
2011.01.13 11:04:09.848,1.71143,1.71203,1.35,1.54
2011.01.13 11:04:13.898,1.71143,1.71203,1.54,1.35
2011.01.13 11:04:14.010,1.71144,1.71216,1.62,2.29
2011.01.13 11:04:14.275,1.71148,1.71216,1.09,1.35
2011.01.13 11:04:15.077,1.71172,1.7122,1.35,1.73
2011.01.13 11:04:15.191,1.71157,1.71215,1.35,1.54
2011.01.13 11:04:15.694,1.71157,1.71215,1.35,1.35
2011.01.13 11:04:16.875,1.71157,1.71215,2.29,1.35
2011.01.13 11:04:17.095,1.71169,1.71228,1.35,1.09
2011.01.13 11:04:17.835,1.71169,1.71229,1.35,2.29
2011.01.13 11:04:19.345,1.71169,1.71229,1.54,2.10
2011.01.13 11:04:20.147,1.71171,1.71235,1.54,1.30
2011.01.13 11:04:20.645,1.71169,1.71229,1.35,1.92
2011.01.13 11:04:20.758,1.71149,1.71211,1.54,1.54
2011.01.13 11:04:22.004,1.7115,1.71198,1.35,1.35
2011.01.13 11:04:22.226,1.71137,1.71198,1.02,1.54
2011.01.13 11:04:22.715,1.71137,1.71198,1.32,1.35
2011.01.13 11:04:24.383,1.71149,1.71199,1.35,1.35
2011.01.13 11:04:24.935,1.71149,1.71199,1.35,2.29
2011.01.13 11:04:25.046,1.71136,1.71198,4.32,2.29
2011.01.13 11:04:25.625,1.71136,1.71198,1.54,2.29
2011.01.13 11:04:25.977,1.71136,1.71198,1.35,2.29
2011.01.13 11:04:26.849,1.71137,1.71197,1.54,1.54
2011.01.13 11:04:27.227,1.71137,1.71195,1.35,1.39
2011.01.13 11:04:27.974,1.71137,1.71197,2.29,2.74
2011.01.13 11:04:28.305,1.71136,1.7118,1.35,1.35
2011.01.13 11:04:28.414,1.71136,1.71186,1.35,1.54
2011.01.13 11:04:28.635,1.71136,1.71186,2.29,1.35
2011.01.13 11:04:29.148,1.71137,1.71197,2.29,1.54
2011.01.13 11:04:29.262,1.7116,1.7121,2.29,1.35
2011.01.13 11:04:29.486,1.71162,1.7122,2.29,2.82
2011.01.13 11:04:30.000,1.71162,1.71222,2.29,2.10
2011.01.13 11:04:30.338,1.71162,1.71212,1.54,1.54
2011.01.13 11:04:30.922,1.71163,1.71211,1.54,1.35
2011.01.13 11:04:31.680,1.71163,1.71211,1.35,1.54
2011.01.13 11:04:34.430,1.71163,1.71211,1.35,2.29
2011.01.13 11:04:34.987,1.71149,1.71199,1.35,1.54
2011.01.13 11:04:38.379,1.71149,1.71211,2.29,2.29
2011.01.13 11:04:39.178,1.71153,1.71211,1.39,1.54
2011.01.13 11:04:39.744,1.71162,1.71212,1.35,1.54
2011.01.13 11:04:42.239,1.71162,1.71212,2.29,1.35
2011.01.13 11:04:42.845,1.71175,1.71225,1.35,4.32
2011.01.13 11:04:44.406,1.71176,1.71225,1.02,2.10
2011.01.13 11:04:44.514,1.71176,1.71225,1.02,1.35
2011.01.13 11:04:44.736,1.71177,1.71236,1.62,2.29
2011.01.13 11:04:45.925,1.71177,1.71236,1.62,2.29
2011.01.13 11:04:46.464,1.71177,1.71236,2.37,1.35
2011.01.13 11:04:46.575,1.71177,1.71236,1.62,2.29
2011.01.13 11:04:47.093,1.71177,1.71236,2.37,1.35
2011.01.13 11:04:47.405,1.71189,1.71237,1.35,1.54
2011.01.13 11:04:48.589,1.71191,1.71237,1.35,1.54
2011.01.13 11:04:48.965,1.71191,1.71248,1.54,1.32
2011.01.13 11:04:49.661,1.71191,1.71247,1.54,1.39
2011.01.13 11:04:50.924,1.71191,1.71248,1.35,1.32
2011.01.13 11:04:51.257,1.71203,1.71248,1.35,1.80
2011.01.13 11:04:51.585,1.71203,1.71248,1.54,1.92
2011.01.13 11:04:52.309,1.71203,1.71258,2.29,1.69
2011.01.13 11:04:52.646,1.71203,1.71248,1.54,2.67
2011.01.13 11:04:52.866,1.71202,1.71248,1.35,1.32
2011.01.13 11:04:53.085,1.71203,1.71248,2.29,1.92
2011.01.13 11:04:53.677,1.71202,1.71256,2.29,2.82
2011.01.13 11:04:55.309,1.71202,1.71262,1.35,2.29
2011.01.13 11:04:55.538,1.71191,1.71237,1.35,1.35
2011.01.13 11:04:57.467,1.71191,1.71237,1.35,1.54
2011.01.13 11:04:58.576,1.71191,1.71237,1.35,2.29
2011.01.13 11:04:58.795,1.71178,1.71238,1.92,2.29
2011.01.13 11:05:01.811,1.7119,1.71238,1.35,1.35
2011.01.13 11:05:02.969,1.7119,1.71238,1.35,1.54
2011.01.13 11:05:04.667,1.7119,1.71238,1.54,1.35
2011.01.13 11:05:05.241,1.71191,1.71251,2.29,1.54
2011.01.13 11:05:05.372,1.71204,1.7125,1.35,1.35
2011.01.13 11:05:05.705,1.71192,1.7125,1.80,2.29
2011.01.13 11:05:06.385,1.71192,1.7125,1.35,2.29
2011.01.13 11:05:07.105,1.71189,1.71251,1.54,2.67
2011.01.13 11:05:07.854,1.71192,1.7125,1.35,2.29
2011.01.13 11:05:07.966,1.71204,1.7125,1.35,1.35
2011.01.13 11:05:08.855,1.71192,1.7125,1.54,2.29
2011.01.13 11:05:09.580,1.71204,1.7125,1.80,1.54
2011.01.13 11:05:10.036,1.71205,1.71253,1.35,1.32
2011.01.13 11:05:10.668,1.71204,1.7125,1.35,1.54
2011.01.13 11:05:22.527,1.71204,1.7125,1.54,1.35
2011.01.13 11:05:23.345,1.71203,1.71251,1.35,1.54
2011.01.13 11:05:23.684,1.71216,1.71264,1.35,1.54
2011.01.13 11:05:25.886,1.71216,1.71264,1.35,2.29
2011.01.13 11:05:26.104,1.71205,1.71263,1.54,2.29
2011.01.13 11:05:27.050,1.71205,1.7126,1.35,1.39
2011.01.13 11:05:27.796,1.71204,1.7125,1.35,1.54
2011.01.13 11:05:37.396,1.71204,1.7125,1.54,1.35
2011.01.13 11:05:37.835,1.71204,1.71259,1.54,1.39
2011.01.13 11:05:38.410,1.71204,1.71259,1.35,1.39
2011.01.13 11:05:39.835,1.71203,1.71251,1.35,1.54
2011.01.13 11:05:42.247,1.71203,1.71251,2.29,1.35
2011.01.13 11:05:42.477,1.71212,1.71264,1.35,2.22
2011.01.13 11:05:42.587,1.71212,1.71264,1.35,2.22
2011.01.13 11:05:43.140,1.71203,1.71251,1.35,2.29
2011.01.13 11:05:46.447,1.71205,1.71263,2.29,1.54
2011.01.13 11:05:46.562,1.71216,1.71264,1.35,1.54
2011.01.13 11:05:57.486,1.71216,1.71264,1.35,2.29
2011.01.13 11:05:58.192,1.71203,1.71251,1.35,1.54
2011.01.13 11:06:00.566,1.71205,1.71259,1.35,1.39
2011.01.13 11:06:00.677,1.71205,1.71263,2.29,1.54
2011.01.13 11:06:01.006,1.71217,1.71263,1.35,1.99
2011.01.13 11:06:01.599,1.71195,1.71241,1.73,2.29
2011.01.13 11:06:03.174,1.71195,1.71241,1.73,1.54
2011.01.13 11:06:04.918,1.71181,1.71229,1.35,1.54
2011.01.13 11:06:05.259,1.71181,1.71229,1.54,1.35
2011.01.13 11:06:05.849,1.71181,1.71229,1.35,1.54
2011.01.13 11:06:07.306,1.71166,1.71224,1.80,1.54
2011.01.13 11:06:07.416,1.71166,1.71224,1.35,1.54
2011.01.13 11:06:07.527,1.71166,1.71222,1.35,1.02
2011.01.13 11:06:07.635,1.71145,1.71222,4.32,1.02
2011.01.13 11:06:08.279,1.71145,1.71217,2.10,2.22
2011.01.13 11:06:08.816,1.71145,1.71201,1.35,1.35
2011.01.13 11:06:08.933,1.71131,1.71189,1.35,1.35
2011.01.13 11:06:10.178,1.71132,1.71194,1.35,1.39
2011.01.13 11:06:13.478,1.71132,1.71188,1.35,1.35
2011.01.13 11:06:13.695,1.71131,1.71201,1.35,2.29
2011.01.13 11:06:16.234,1.71131,1.71201,1.35,1.92
2011.01.13 11:06:17.979,1.71132,1.71199,1.35,1.47
2011.01.13 11:06:18.757,1.71132,1.712,1.35,2.29
2011.01.13 11:06:21.325,1.71132,1.71188,1.99,1.35
2011.01.13 11:06:21.441,1.71145,1.71201,1.35,1.54
2011.01.13 11:06:21.876,1.71145,1.71201,1.35,2.67
2011.01.13 11:06:21.984,1.71132,1.712,1.35,2.29
2011.01.13 11:06:22.095,1.71132,1.712,1.35,3.57
2011.01.13 11:06:22.679,1.71145,1.71201,1.35,1.35
2011.01.13 11:06:23.017,1.71158,1.71214,1.35,4.32
2011.01.13 11:06:24.715,1.71158,1.71206,1.35,1.69
2011.01.13 11:06:25.508,1.71144,1.71202,1.35,1.92
2011.01.13 11:06:28.620,1.71145,1.71201,1.35,1.92
2011.01.13 11:06:28.845,1.71145,1.71201,1.54,1.73
2011.01.13 11:06:29.473,1.71145,1.71201,1.54,1.73
2011.01.13 11:06:29.591,1.71144,1.71213,1.35,2.82
2011.01.13 11:06:29.709,1.71144,1.71197,1.35,1.32
2011.01.13 11:06:29.936,1.7113,1.71185,1.28,1.54
2011.01.13 11:06:30.047,1.71132,1.71185,2.22,1.35
2011.01.13 11:06:30.631,1.71159,1.71219,1.35,4.32
2011.01.13 11:06:31.252,1.7116,1.71206,1.35,2.10
2011.01.13 11:06:31.370,1.71144,1.71202,1.35,1.92
2011.01.13 11:06:34.867,1.71145,1.71213,1.35,6.19
2011.01.13 11:06:34.976,1.71157,1.71215,1.35,4.32
2011.01.13 11:06:35.084,1.71157,1.71215,1.35,4.32
2011.01.13 11:06:35.195,1.71157,1.71212,1.35,1.32
2011.01.13 11:06:35.306,1.71144,1.71211,2.07,1.84
2011.01.13 11:06:35.860,1.71158,1.71214,1.35,2.29
2011.01.13 11:06:35.982,1.71145,1.71212,1.35,1.32
2011.01.13 11:06:36.098,1.71145,1.71213,1.99,2.18
2011.01.13 11:06:36.819,1.71158,1.71214,1.35,2.18
2011.01.13 11:06:37.545,1.71158,1.71214,1.69,2.10
2011.01.13 11:06:38.227,1.71171,1.71227,1.35,4.32
2011.01.13 11:06:39.170,1.71184,1.7124,1.35,4.32
2011.01.13 11:06:39.397,1.71171,1.71227,1.35,2.10
2011.01.13 11:06:40.008,1.71171,1.71238,1.35,2.82
2011.01.13 11:06:41.047,1.7117,1.71228,1.35,2.29
2011.01.13 11:06:44.109,1.71157,1.71226,1.43,2.82
2011.01.13 11:06:44.972,1.71164,1.7122,1.35,2.29
2011.01.13 11:06:45.197,1.71164,1.71225,1.35,1.32
2011.01.13 11:06:45.918,1.71164,1.71232,1.35,4.13
2011.01.13 11:06:46.025,1.71176,1.71234,1.35,4.32
2011.01.13 11:06:47.774,1.71176,1.7123,1.35,1.69
2011.01.13 11:06:48.106,1.71189,1.71246,1.35,4.13
2011.01.13 11:06:49.927,1.71189,1.71247,1.80,2.29
2011.01.13 11:06:50.030,1.71202,1.7126,1.35,5.97
2011.01.13 11:06:52.399,1.71202,1.7126,1.35,1.92
2011.01.13 11:06:52.513,1.71197,1.71266,1.99,2.10
2011.01.13 11:06:53.240,1.71222,1.7127,1.35,2.03
2011.01.13 11:06:53.952,1.71228,1.71276,1.35,6.19
2011.01.13 11:06:55.091,1.71219,1.71262,1.39,2.10
2011.01.13 11:06:55.222,1.71214,1.71274,1.54,2.29
2011.01.13 11:06:56.971,1.71212,1.71262,1.54,1.54
2011.01.13 11:06:58.532,1.712,1.71257,1.35,1.39
2011.01.13 11:06:59.556,1.71199,1.71249,2.29,1.35
2011.01.13 11:06:59.668,1.71207,1.71266,1.54,3.57
2011.01.13 11:07:00.906,1.71207,1.71266,1.43,1.54
2011.01.13 11:07:01.126,1.71207,1.71279,1.62,2.67
2011.01.13 11:07:01.731,1.71207,1.71279,3.79,1.92
2011.01.13 11:07:02.135,1.71221,1.71291,1.35,4.32
2011.01.13 11:07:03.725,1.71221,1.71291,1.54,2.10
2011.01.13 11:07:04.492,1.71232,1.71293,1.35,2.29
2011.01.13 11:07:04.828,1.71247,1.71305,1.35,1.35
2011.01.13 11:07:05.436,1.71247,1.71305,1.35,1.80
2011.01.13 11:07:05.549,1.71238,1.71288,1.35,1.35
2011.01.13 11:07:05.687,1.71238,1.71288,1.35,1.54
2011.01.13 11:07:06.718,1.71238,1.71288,2.74,1.35
2011.01.13 11:07:07.057,1.71238,1.71288,1.35,2.74
2011.01.13 11:07:07.166,1.71215,1.71282,1.38,2.29
2011.01.13 11:07:08.564,1.71189,1.71264,1.35,1.32
2011.01.13 11:07:09.129,1.71189,1.71269,1.54,2.29
2011.01.13 11:07:09.545,1.71185,1.71267,1.43,1.32
2011.01.13 11:07:09.655,1.71181,1.71267,3.87,1.65
2011.01.13 11:07:09.764,1.71185,1.71267,1.09,1.65
2011.01.13 11:07:10.418,1.71191,1.71269,1.54,1.65
2011.01.13 11:07:10.745,1.71189,1.71269,1.35,3.19
2011.01.13 11:07:11.294,1.7119,1.71272,2.63,1.32
2011.01.13 11:07:11.912,1.71177,1.7126,1.80,1.28
2011.01.13 11:07:12.028,1.71178,1.71259,1.19,1.47
2011.01.13 11:07:12.256,1.71177,1.71259,2.37,1.92
2011.01.13 11:07:12.367,1.71176,1.71251,4.32,1.35
2011.01.13 11:07:12.993,1.71189,1.71253,1.35,1.43
2011.01.13 11:07:13.112,1.71189,1.71264,1.35,1.35
2011.01.13 11:07:14.207,1.71189,1.71273,1.35,3.19
2011.01.13 11:07:14.489,1.71189,1.71269,1.35,1.32
2011.01.13 11:07:14.716,1.71181,1.71263,1.43,1.35
2011.01.13 11:07:15.208,1.7119,1.71263,1.35,1.35
2011.01.13 11:07:15.328,1.7119,1.7127,1.35,1.84
2011.01.13 11:07:15.665,1.7119,1.71265,1.35,1.28
2011.01.13 11:07:16.232,1.71189,1.71264,1.35,1.35
2011.01.13 11:07:20.939,1.71185,1.71263,1.28,6.12
2011.01.13 11:07:21.639,1.71186,1.71251,1.80,1.35
2011.01.13 11:07:22.186,1.71186,1.71251,1.35,1.35
2011.01.13 11:07:23.264,1.71197,1.71252,1.35,1.35
2011.01.13 11:07:26.839,1.71197,1.71252,1.43,1.35
2011.01.13 11:07:27.429,1.71197,1.71252,2.14,1.35
2011.01.13 11:07:27.552,1.71211,1.71264,1.35,1.73
2011.01.13 11:07:27.775,1.71194,1.71263,1.26,1.92
2011.01.13 11:07:27.887,1.7119,1.71263,1.54,1.92
2011.01.13 11:07:29.505,1.7119,1.71263,1.35,1.73
2011.01.13 11:07:35.494,1.7119,1.71263,1.35,1.35
2011.01.13 11:07:37.090,1.71191,1.71275,4.41,2.22
2011.01.13 11:07:38.452,1.71197,1.71275,1.09,2.03
2011.01.13 11:07:38.785,1.71215,1.7129,1.35,2.10
2011.01.13 11:07:39.519,1.71202,1.7129,1.84,4.32
2011.01.13 11:07:40.776,1.71203,1.71276,1.65,2.10
2011.01.13 11:07:45.274,1.71203,1.71276,1.65,1.35
2011.01.13 11:07:46.827,1.71202,1.71282,1.65,1.54
2011.01.13 11:07:46.942,1.71202,1.71282,1.54,1.43
2011.01.13 11:07:47.057,1.71224,1.71282,1.35,1.73
2011.01.13 11:07:48.410,1.71225,1.71295,1.35,2.10
2011.01.13 11:07:48.786,1.71223,1.71283,1.35,1.73
2011.01.13 11:07:49.436,1.71223,1.71283,1.35,1.92
2011.01.13 11:07:54.777,1.71223,1.71283,1.54,1.73
2011.01.13 11:07:55.445,1.71239,1.71287,1.35,1.73
2011.01.13 11:07:55.557,1.71239,1.71287,1.35,1.35
2011.01.13 11:07:57.584,1.71238,1.71284,1.35,1.35
2011.01.13 11:07:58.117,1.71238,1.71281,1.35,1.39
2011.01.13 11:07:58.740,1.71226,1.7127,1.35,1.35
2011.01.13 11:07:59.992,1.71226,1.7127,2.29,1.35
2011.01.13 11:08:00.113,1.71239,1.71281,1.35,1.39
2011.01.13 11:08:00.225,1.71225,1.71271,2.29,1.35
2011.01.13 11:08:00.338,1.71226,1.71283,1.54,1.54
2011.01.13 11:08:01.117,1.71226,1.7127,1.35,1.35
2011.01.13 11:08:06.790,1.71213,1.71256,1.35,1.80
2011.01.13 11:08:07.525,1.71221,1.71286,2.29,1.99
2011.01.13 11:08:07.642,1.71232,1.71288,1.54,2.67
2011.01.13 11:08:07.757,1.71232,1.71288,1.35,1.73
2011.01.13 11:08:08.680,1.71212,1.71286,1.54,2.29
2011.01.13 11:08:09.016,1.71203,1.71282,1.32,1.09
2011.01.13 11:08:09.836,1.712,1.71285,1.92,2.97
2011.01.13 11:08:12.135,1.712,1.71285,1.73,2.97
2011.01.13 11:08:12.673,1.712,1.71285,1.73,7.35
2011.01.13 11:08:13.005,1.71203,1.71273,1.09,1.35
2011.01.13 11:08:13.116,1.71212,1.71278,1.35,1.28
2011.01.13 11:08:13.228,1.71212,1.71281,1.35,1.28
2011.01.13 11:08:13.897,1.71212,1.71286,1.35,1.35
2011.01.13 11:08:15.344,1.71212,1.71286,1.35,1.73
2011.01.13 11:08:17.136,1.71212,1.71286,1.35,1.73
2011.01.13 11:08:18.141,1.71211,1.71291,1.35,2.22
2011.01.13 11:08:24.277,1.71211,1.71289,1.35,2.09
2011.01.13 11:08:24.386,1.71205,1.71285,2.63,2.52
2011.01.13 11:08:24.715,1.71205,1.71278,1.28,3.87
2011.01.13 11:08:25.305,1.712,1.71278,1.65,3.87
2011.01.13 11:08:25.422,1.71199,1.71277,1.35,1.09
2011.01.13 11:08:26.640,1.71212,1.7129,1.35,2.82
2011.01.13 11:08:31.948,1.712,1.71283,2.82,1.09
2011.01.13 11:08:33.403,1.712,1.71283,2.63,1.32
2011.01.13 11:08:33.626,1.71198,1.71278,1.35,1.84
2011.01.13 11:08:33.978,1.71199,1.71279,1.43,2.29
2011.01.13 11:08:34.668,1.71211,1.71291,1.35,4.13
2011.01.13 11:08:35.920,1.71211,1.71291,1.35,4.13
2011.01.13 11:08:36.515,1.71212,1.71292,1.47,2.10
2011.01.13 11:08:37.151,1.71213,1.71296,1.35,4.49
2011.01.13 11:08:41.437,1.71211,1.71287,1.35,4.39
2011.01.13 11:08:42.009,1.71211,1.71287,1.35,2.10
2011.01.13 11:08:43.465,1.71211,1.71287,1.35,4.65
2011.01.13 11:08:44.036,1.712,1.71284,2.63,1.99
2011.01.13 11:08:45.368,1.712,1.71282,2.63,1.32
2011.01.13 11:08:49.456,1.71198,1.71274,1.69,1.73
2011.01.13 11:08:50.154,1.71198,1.71274,1.54,1.80
2011.01.13 11:08:50.878,1.71198,1.71274,1.54,2.55
2011.01.13 11:08:52.286,1.71198,1.71265,1.35,1.54
2011.01.13 11:08:52.986,1.71186,1.7126,1.43,2.10
2011.01.13 11:08:53.576,1.71186,1.7126,2.70,2.10
2011.01.13 11:08:53.686,1.71186,1.7126,2.89,2.10
2011.01.13 11:08:54.301,1.71199,1.71273,1.35,2.67
2011.01.13 11:08:55.478,1.71187,1.71266,1.54,1.50
2011.01.13 11:08:57.336,1.71187,1.71271,1.35,4.13
2011.01.13 11:08:58.477,1.71186,1.7126,2.37,2.10
2011.01.13 11:08:59.411,1.71194,1.7126,1.28,2.10
2011.01.13 11:08:59.530,1.71186,1.7126,1.35,2.10
2011.01.13 11:08:59.756,1.71186,1.71239,1.35,1.39
2011.01.13 11:08:59.869,1.71174,1.7121,1.28,1.35
2011.01.13 11:09:00.429,1.71166,1.7121,1.73,1.35
2011.01.13 11:09:00.551,1.71164,1.71237,1.92,1.54
2011.01.13 11:09:01.361,1.71164,1.71237,1.80,1.54
2011.01.13 11:09:03.070,1.71172,1.71225,1.54,1.35
2011.01.13 11:09:03.190,1.71169,1.71226,1.28,1.35
2011.01.13 11:09:03.308,1.71172,1.71225,1.35,1.35
2011.01.13 11:09:07.818,1.71171,1.71239,1.54,2.29
2011.01.13 11:09:08.344,1.71171,1.71239,1.54,2.29
2011.01.13 11:09:11.366,1.71171,1.71239,1.54,2.10
2011.01.13 11:09:12.088,1.71184,1.71239,1.35,2.10
2011.01.13 11:09:12.656,1.71171,1.71239,1.99,2.29
2011.01.13 11:09:13.234,1.71172,1.71239,1.39,2.10
2011.01.13 11:09:13.836,1.71179,1.71239,1.35,3.04
2011.01.13 11:09:14.479,1.71168,1.71237,2.29,2.29
2011.01.13 11:09:15.160,1.71168,1.71237,2.29,1.92
2011.01.13 11:09:16.009,1.71168,1.71237,2.29,1.54
2011.01.13 11:09:17.642,1.71168,1.71237,1.54,1.35
2011.01.13 11:09:19.607,1.71167,1.71225,1.35,1.35
2011.01.13 11:09:21.577,1.71168,1.71225,1.02,1.35
2011.01.13 11:09:21.685,1.71167,1.71225,2.37,1.35
2011.01.13 11:09:21.794,1.71179,1.71239,1.35,1.54
2011.01.13 11:09:21.904,1.71168,1.71237,1.62,1.35
2011.01.13 11:09:22.434,1.71168,1.71237,1.43,1.54
2011.01.13 11:09:22.550,1.71166,1.71226,1.54,1.35
2011.01.13 11:09:24.214,1.71166,1.71226,1.54,1.35
2011.01.13 11:09:24.852,1.71168,1.71237,1.54,1.35
2011.01.13 11:09:24.972,1.71167,1.71225,1.35,1.35
2011.01.13 11:09:28.676,1.71167,1.71225,1.35,1.54
2011.01.13 11:09:28.785,1.71156,1.71224,1.92,1.54
2011.01.13 11:09:29.466,1.71146,1.71224,4.09,1.35
2011.01.13 11:09:29.983,1.71146,1.71224,1.92,1.50
2011.01.13 11:09:30.096,1.71146,1.71224,1.88,1.54
2011.01.13 11:09:30.867,1.71143,1.71223,4.13,1.50
2011.01.13 11:09:30.991,1.71167,1.71225,1.35,1.35
2011.01.13 11:09:31.435,1.7116,1.71208,1.35,1.35
2011.01.13 11:09:34.517,1.7116,1.71208,1.35,2.10
2011.01.13 11:09:34.628,1.71146,1.71208,1.54,2.10
2011.01.13 11:09:34.737,1.71146,1.71201,1.35,1.32
2011.01.13 11:09:34.845,1.71137,1.71201,1.09,1.32
2011.01.13 11:09:35.066,1.71131,1.71202,1.54,1.32
2011.01.13 11:09:35.767,1.71131,1.71202,1.54,1.32
2011.01.13 11:09:35.900,1.71158,1.71202,1.35,1.32
2011.01.13 11:09:36.347,1.71136,1.71203,1.88,2.29
2011.01.13 11:09:36.457,1.71136,1.71191,1.88,1.35
2011.01.13 11:09:36.784,1.71131,1.71191,1.35,1.35
2011.01.13 11:09:42.295,1.71146,1.71196,1.35,1.35
2011.01.13 11:09:43.301,1.71146,1.71196,1.54,1.35
2011.01.13 11:09:48.696,1.71148,1.71196,1.02,1.35
2011.01.13 11:09:49.277,1.71148,1.71207,1.09,1.35
2011.01.13 11:09:49.388,1.71159,1.71209,1.35,1.35
2011.01.13 11:09:50.550,1.71159,1.71209,1.35,2.29
2011.01.13 11:09:50.673,1.71132,1.71203,2.82,2.29
2011.01.13 11:09:50.898,1.71138,1.71191,1.02,1.35
2011.01.13 11:09:51.017,1.71131,1.71191,3.87,1.35
2011.01.13 11:09:51.125,1.71131,1.71191,1.54,1.35
2011.01.13 11:09:52.445,1.71131,1.71203,1.54,1.54
2011.01.13 11:09:52.560,1.71134,1.71203,1.09,1.35
2011.01.13 11:09:52.895,1.71145,1.71203,1.35,1.35
2011.01.13 11:09:54.044,1.71134,1.71203,2.67,1.35
2011.01.13 11:09:54.158,1.71132,1.71203,1.17,1.54
2011.01.13 11:09:54.266,1.71131,1.71203,1.65,2.29
2011.01.13 11:09:54.596,1.71132,1.7119,1.35,1.35
2011.01.13 11:09:55.255,1.71132,1.71202,1.54,2.67
2011.01.13 11:09:55.382,1.71133,1.71202,1.02,3.04
2011.01.13 11:09:56.409,1.71132,1.71202,3.72,2.10
2011.01.13 11:09:56.557,1.71132,1.71202,1.50,2.29
2011.01.13 11:09:56.884,1.71132,1.7119,1.35,1.35
2011.01.13 11:09:58.085,1.71134,1.7119,1.28,1.35
2011.01.13 11:09:58.203,1.71144,1.71204,1.35,1.35
2011.01.13 11:09:58.623,1.71144,1.71204,1.43,1.35
2011.01.13 11:10:01.768,1.71144,1.71204,1.43,1.35
2011.01.13 11:10:02.019,1.71144,1.71204,1.35,1.73
2011.01.13 11:10:02.820,1.71144,1.71204,1.35,2.10
2011.01.13 11:10:02.938,1.71144,1.71204,1.43,2.10
2011.01.13 11:10:03.268,1.71145,1.71209,2.44,1.13
2011.01.13 11:10:04.588,1.71148,1.71215,1.54,1.35
2011.01.13 11:10:04.700,1.71157,1.71217,1.35,1.35
2011.01.13 11:10:04.814,1.71157,1.71217,1.35,1.73
2011.01.13 11:10:05.146,1.71173,1.71221,1.35,2.85
2011.01.13 11:10:05.745,1.71166,1.71221,1.39,1.35
2011.01.13 11:10:05.862,1.71204,1.71247,1.35,2.10
2011.01.13 11:10:05.979,1.71204,1.71247,1.35,1.35
2011.01.13 11:10:06.624,1.71204,1.71247,1.35,2.29
2011.01.13 11:10:06.740,1.71203,1.71248,1.35,1.35
2011.01.13 11:10:06.857,1.71199,1.71247,1.35,1.35
2011.01.13 11:10:08.559,1.71185,1.71235,1.54,1.35
2011.01.13 11:10:08.676,1.71185,1.71235,2.29,1.35
2011.01.13 11:10:08.787,1.71186,1.71245,2.29,1.02
2011.01.13 11:10:10.779,1.71186,1.71246,2.29,1.35
2011.01.13 11:10:11.505,1.71189,1.71234,1.39,1.35
2011.01.13 11:10:11.620,1.71185,1.71235,1.54,1.35
2011.01.13 11:10:12.144,1.71185,1.71235,1.62,1.35
2011.01.13 11:10:13.633,1.71188,1.71236,1.35,1.35
2011.01.13 11:10:16.002,1.71189,1.71249,2.29,2.67
2011.01.13 11:10:16.119,1.71187,1.71237,1.54,1.35
2011.01.13 11:10:16.235,1.71187,1.71237,1.35,2.29
2011.01.13 11:10:16.345,1.71175,1.71236,2.29,2.29
2011.01.13 11:10:17.559,1.71178,1.71236,1.39,1.35
2011.01.13 11:10:17.896,1.71188,1.71236,1.35,1.54
2011.01.13 11:10:18.005,1.71188,1.71236,1.54,1.35
2011.01.13 11:10:19.606,1.71188,1.71236,1.35,2.29
2011.01.13 11:10:19.716,1.71188,1.71236,1.35,2.29
2011.01.13 11:10:19.826,1.71174,1.71234,2.29,2.10
2011.01.13 11:10:19.935,1.71175,1.71236,2.29,2.67
2011.01.13 11:10:21.362,1.71175,1.71236,2.29,3.04
2011.01.13 11:10:21.777,1.71175,1.71233,1.35,2.82
2011.01.13 11:10:22.521,1.71174,1.71224,1.35,1.35
2011.01.13 11:10:24.326,1.7118,1.71224,2.22,1.35
2011.01.13 11:10:25.156,1.71196,1.7125,1.39,2.29
2011.01.13 11:10:25.272,1.71193,1.7125,1.54,4.32
2011.01.13 11:10:25.607,1.71179,1.71237,1.54,4.32
2011.01.13 11:10:27.459,1.71179,1.71237,1.54,4.32
2011.01.13 11:10:27.905,1.71179,1.71233,1.35,1.69
2011.01.13 11:10:28.126,1.7118,1.71223,1.35,1.35
2011.01.13 11:10:29.087,1.7118,1.71223,2.29,1.35
2011.01.13 11:10:29.306,1.71193,1.71236,1.35,2.10
2011.01.13 11:10:32.135,1.71193,1.71236,1.35,1.35
2011.01.13 11:10:32.241,1.71166,1.71224,1.54,1.62
2011.01.13 11:10:33.576,1.71167,1.71224,1.02,1.35
2011.01.13 11:10:33.688,1.71192,1.71237,1.35,1.54
2011.01.13 11:10:33.798,1.71179,1.71237,2.29,1.35
2011.01.13 11:10:34.388,1.71193,1.71236,1.54,1.35
2011.01.13 11:10:35.106,1.71193,1.71236,1.35,1.54
2011.01.13 11:10:35.221,1.71193,1.71236,1.35,1.35
2011.01.13 11:10:37.250,1.71187,1.71237,1.54,1.35
2011.01.13 11:10:37.876,1.71187,1.71237,1.35,1.54
2011.01.13 11:10:38.436,1.71176,1.71235,2.29,1.54
2011.01.13 11:10:38.557,1.71163,1.71235,2.29,2.29
2011.01.13 11:10:38.666,1.71163,1.71235,1.54,2.29
2011.01.13 11:10:38.995,1.71175,1.71223,1.54,1.35
2011.01.13 11:10:39.927,1.71175,1.71223,1.54,1.35
2011.01.13 11:10:40.040,1.71175,1.71232,1.54,1.39
2011.01.13 11:10:40.574,1.71174,1.71224,1.54,1.35
2011.01.13 11:10:41.675,1.71174,1.71224,2.29,1.35
2011.01.13 11:10:41.785,1.71178,1.71236,1.02,2.29
2011.01.13 11:10:42.350,1.71188,1.71236,1.35,2.29
2011.01.13 11:10:42.467,1.71179,1.71236,1.39,1.35
2011.01.13 11:10:44.059,1.71175,1.71233,1.54,1.69
2011.01.13 11:10:44.285,1.71175,1.71223,1.54,1.35
2011.01.13 11:10:44.726,1.71176,1.71233,1.35,1.69
2011.01.13 11:10:45.301,1.71195,1.71224,1.39,2.10
2011.01.13 11:10:45.528,1.71195,1.71224,1.39,1.35
2011.01.13 11:11:02.868,1.71184,1.71224,5.85,1.35
2011.01.13 11:11:03.484,1.71192,1.71237,1.35,1.54
2011.01.13 11:11:10.065,1.7118,1.71223,2.29,1.35
2011.01.13 11:11:10.189,1.71179,1.71224,1.35,1.54
2011.01.13 11:11:10.910,1.71179,1.71237,1.54,2.29
2011.01.13 11:11:12.667,1.71179,1.71237,1.54,1.54
2011.01.13 11:11:13.035,1.71179,1.71232,1.35,1.39
2011.01.13 11:11:13.364,1.71179,1.71224,1.35,1.35
2011.01.13 11:11:14.199,1.71179,1.71224,2.29,1.35
2011.01.13 11:11:14.429,1.71192,1.71237,1.35,1.92
2011.01.13 11:11:24.416,1.71192,1.71237,1.35,1.54
2011.01.13 11:11:37.272,1.71194,1.71249,1.35,2.29
2011.01.13 11:11:37.393,1.71188,1.71243,1.54,1.54
2011.01.13 11:11:37.618,1.71176,1.71242,2.29,2.29
2011.01.13 11:11:38.229,1.71176,1.71242,1.35,1.43
2011.01.13 11:11:39.159,1.71188,1.71243,1.35,1.35
2011.01.13 11:11:45.943,1.71167,1.71232,3.23,2.29
2011.01.13 11:11:46.170,1.71165,1.71221,1.54,1.54
2011.01.13 11:11:51.375,1.71165,1.71221,1.54,1.35
2011.01.13 11:11:51.596,1.71166,1.71233,1.54,1.54
2011.01.13 11:11:53.179,1.71166,1.71233,1.35,1.99
2011.01.13 11:11:55.660,1.71143,1.71207,1.92,1.54
2011.01.13 11:11:55.777,1.71143,1.71207,2.67,1.35
2011.01.13 11:11:56.492,1.71152,1.71208,1.35,1.35
2011.01.13 11:11:56.816,1.71145,1.71215,1.28,1.32
2011.01.13 11:11:57.402,1.71159,1.71203,1.35,1.35
2011.01.13 11:11:57.626,1.7116,1.71206,1.35,1.54
2011.01.13 11:11:57.739,1.7115,1.71205,1.39,1.35
2011.01.13 11:11:58.329,1.71148,1.71205,1.54,1.54
2011.01.13 11:12:01.521,1.71161,1.71205,1.35,1.54
2011.01.13 11:12:01.641,1.71161,1.71205,1.35,1.35
2011.01.13 11:12:01.757,1.71148,1.71205,2.29,1.35
2011.01.13 11:12:01.978,1.7116,1.71211,1.35,1.39
2011.01.13 11:12:02.085,1.71148,1.71205,1.54,2.29
2011.01.13 11:12:15.177,1.71144,1.712,2.29,1.35
2011.01.13 11:12:15.286,1.71148,1.71216,2.29,1.54
2011.01.13 11:12:18.826,1.71148,1.71216,2.29,1.35
2011.01.13 11:12:19.265,1.71161,1.71216,1.35,1.35
2011.01.13 11:12:20.065,1.71161,1.71216,1.54,1.35
2011.01.13 11:12:20.175,1.71161,1.71216,1.35,1.35
2011.01.13 11:12:20.616,1.71151,1.71216,1.47,1.35
2011.01.13 11:12:21.164,1.71162,1.71228,1.54,2.10
2011.01.13 11:12:24.856,1.71161,1.71216,1.54,1.35
2011.01.13 11:12:24.966,1.71161,1.71216,1.54,1.35
2011.01.13 11:12:35.315,1.71151,1.71215,2.74,1.35
2011.01.13 11:12:35.970,1.71156,1.71215,1.47,1.35
2011.01.13 11:12:37.676,1.71162,1.71215,1.54,1.35
2011.01.13 11:12:38.156,1.71162,1.71228,1.54,1.35
2011.01.13 11:12:38.271,1.71174,1.71229,1.54,1.35
2011.01.13 11:12:40.296,1.71175,1.71233,1.54,1.35
2011.01.13 11:13:14.178,1.71177,1.71233,1.02,1.35
2011.01.13 11:13:14.398,1.71182,1.71246,2.22,1.35
2011.01.13 11:13:25.646,1.71188,1.71246,1.54,1.35
2011.01.13 11:13:35.747,1.71188,1.71246,5.31,1.35
2011.01.13 11:13:35.862,1.71194,1.71259,1.32,1.35
2011.01.13 11:13:36.716,1.712,1.7126,1.54,1.35
2011.01.13 11:13:38.956,1.712,1.7126,3.72,1.35
2011.01.13 11:13:39.176,1.71213,1.71273,1.54,1.35
2011.01.13 11:13:39.701,1.71213,1.71273,1.35,2.29
2011.01.13 11:13:40.107,1.71207,1.71255,1.54,1.35
2011.01.13 11:13:40.662,1.71208,1.71268,2.29,1.99
2011.01.13 11:13:41.186,1.71208,1.71268,2.29,1.54
2011.01.13 11:13:42.487,1.71208,1.71268,2.29,1.35
2011.01.13 11:13:42.776,1.71208,1.71268,1.54,2.74
2011.01.13 11:13:43.105,1.71206,1.71256,1.54,1.35
2011.01.13 11:13:43.744,1.71198,1.71255,1.02,1.54
2011.01.13 11:13:43.863,1.71186,1.71253,2.82,2.22
2011.01.13 11:13:43.979,1.71193,1.71259,1.32,2.29
2011.01.13 11:13:44.566,1.71184,1.71259,2.82,1.54
2011.01.13 11:13:45.012,1.71184,1.71259,1.09,1.54
2011.01.13 11:13:45.405,1.71188,1.71259,1.09,1.35
2011.01.13 11:13:47.248,1.71178,1.71246,1.77,1.35
2011.01.13 11:13:48.332,1.71178,1.71247,1.02,1.35
2011.01.13 11:13:48.937,1.71187,1.71247,1.35,1.54
2011.01.13 11:13:49.045,1.71177,1.71246,1.54,1.54
2011.01.13 11:13:49.827,1.71177,1.71246,1.02,1.35
2011.01.13 11:13:50.727,1.71188,1.71246,1.35,1.35
2011.01.13 11:13:54.768,1.71188,1.71246,2.29,1.35
2011.01.13 11:13:54.877,1.71188,1.7126,2.29,1.54
2011.01.13 11:13:55.123,1.71189,1.7126,2.22,1.54
2011.01.13 11:14:00.826,1.7119,1.7126,1.09,1.35
2011.01.13 11:14:01.156,1.71201,1.71259,1.35,1.35
2011.01.13 11:14:01.890,1.71207,1.71255,1.35,2.29
2011.01.13 11:14:02.008,1.71193,1.71243,1.35,1.35
2011.01.13 11:14:02.616,1.71193,1.71243,1.84,1.35
2011.01.13 11:14:02.726,1.71195,1.71255,1.69,1.54
2011.01.13 11:14:03.373,1.71213,1.71273,1.54,1.35
2011.01.13 11:14:03.707,1.71201,1.71259,1.35,1.35
2011.01.13 11:14:04.370,1.71202,1.71272,3.87,1.54
2011.01.13 11:14:04.595,1.71202,1.71272,1.54,1.54
2011.01.13 11:14:07.426,1.71204,1.71272,1.09,1.35
2011.01.13 11:14:08.162,1.71213,1.71273,1.43,1.35
2011.01.13 11:14:08.775,1.71214,1.71272,1.43,1.35
2011.01.13 11:14:09.497,1.71215,1.71285,1.62,1.54
2011.01.13 11:14:11.309,1.71228,1.71285,1.09,1.35
2011.01.13 11:14:11.432,1.71229,1.71285,1.28,1.35
2011.01.13 11:14:11.660,1.71227,1.71299,1.69,1.92
2011.01.13 11:14:12.235,1.71227,1.71298,1.54,1.32
2011.01.13 11:14:12.347,1.71227,1.71285,1.54,1.35
2011.01.13 11:14:13.418,1.71228,1.71298,2.29,1.88
2011.01.13 11:14:13.640,1.7124,1.71299,1.35,1.35
2011.01.13 11:14:14.980,1.71227,1.71299,3.90,1.54
2011.01.13 11:14:15.101,1.7124,1.71299,1.35,1.35
2011.01.13 11:14:22.123,1.7124,1.71299,1.35,2.29
2011.01.13 11:14:22.242,1.71227,1.71299,2.37,1.54
2011.01.13 11:14:22.361,1.71227,1.71297,1.62,1.39
2011.01.13 11:14:22.479,1.71226,1.71286,1.62,1.35
2011.01.13 11:14:23.274,1.71227,1.71299,2.44,1.54
2011.01.13 11:14:23.387,1.71227,1.71299,2.44,1.35
2011.01.13 11:14:23.826,1.71239,1.713,1.35,1.54
2011.01.13 11:14:24.420,1.7124,1.71299,1.35,1.54
2011.01.13 11:14:24.536,1.71228,1.71298,2.29,1.54
2011.01.13 11:14:24.756,1.71227,1.71285,1.35,1.35
2011.01.13 11:14:25.697,1.71227,1.71285,1.54,1.35
2011.01.13 11:14:25.806,1.71228,1.71298,1.35,2.74
2011.01.13 11:14:25.916,1.71227,1.71285,1.54,1.35
2011.01.13 11:14:26.895,1.71227,1.71285,1.62,1.35
2011.01.13 11:14:27.647,1.71228,1.71285,1.02,1.35
2011.01.13 11:14:28.233,1.71239,1.713,1.35,1.80
2011.01.13 11:14:28.353,1.71254,1.71315,1.43,1.88
2011.01.13 11:14:28.470,1.71266,1.7132,1.35,1.88
2011.01.13 11:14:28.951,1.71257,1.71312,1.02,1.35
2011.01.13 11:14:29.072,1.71253,1.71325,1.35,1.62
2011.01.13 11:14:29.186,1.71253,1.71312,1.35,1.35
2011.01.13 11:14:30.295,1.71256,1.71312,1.35,1.35
2011.01.13 11:14:30.405,1.71252,1.71313,1.54,1.35
2011.01.13 11:14:32.356,1.71252,1.71311,1.35,1.39
2011.01.13 11:14:32.939,1.71239,1.713,4.32,1.35
2011.01.13 11:14:33.911,1.7124,1.7131,1.92,1.39
2011.01.13 11:14:34.023,1.71253,1.71312,1.54,1.35
2011.01.13 11:14:38.136,1.71253,1.71307,1.54,1.35
2011.01.13 11:14:39.167,1.71253,1.71307,2.29,1.35
2011.01.13 11:14:39.938,1.71255,1.7132,1.02,1.35
2011.01.13 11:14:45.057,1.71253,1.7132,1.35,1.80
2011.01.13 11:14:45.277,1.71252,1.71308,1.35,1.35
2011.01.13 11:14:45.906,1.7124,1.71307,1.92,1.35
2011.01.13 11:14:46.127,1.7124,1.71307,1.92,1.80
2011.01.13 11:14:46.857,1.71239,1.71295,1.92,1.35
2011.01.13 11:14:47.076,1.71239,1.71295,1.92,1.35
2011.01.13 11:14:47.997,1.71241,1.71295,1.32,1.35
2011.01.13 11:14:48.216,1.71241,1.71306,2.67,1.35
2011.01.13 11:14:52.176,1.71242,1.71306,5.40,1.35
2011.01.13 11:14:52.838,1.71252,1.71308,1.35,1.35
2011.01.13 11:14:54.296,1.71242,1.71306,2.22,1.35
2011.01.13 11:14:55.170,1.71241,1.71306,1.35,2.29
2011.01.13 11:14:55.282,1.71242,1.71307,1.09,1.35
2011.01.13 11:14:55.397,1.71246,1.71307,1.02,1.35
2011.01.13 11:14:56.003,1.71252,1.71308,1.54,1.35
2011.01.13 11:14:56.336,1.71241,1.71306,1.54,1.80
2011.01.13 11:14:56.445,1.71241,1.71306,1.54,1.35
2011.01.13 11:14:57.376,1.71241,1.71306,2.29,1.35
2011.01.13 11:14:57.597,1.71252,1.71308,1.35,1.35
2011.01.13 11:14:58.984,1.71241,1.71306,3.57,1.35
2011.01.13 11:14:59.096,1.71241,1.71306,2.82,1.35
2011.01.13 11:14:59.206,1.71252,1.71308,1.54,1.35
2011.01.13 11:14:59.785,1.71241,1.71306,1.54,1.80
2011.01.13 11:15:00.188,1.71241,1.71306,1.54,1.35
2011.01.13 11:15:00.296,1.71241,1.71306,2.29,1.35
2011.01.13 11:15:01.271,1.71253,1.71307,1.35,1.35
2011.01.13 11:15:01.497,1.7124,1.71307,1.54,1.35
2011.01.13 11:15:02.595,1.7124,1.71307,1.35,1.99
2011.01.13 11:15:02.710,1.71239,1.71295,1.54,1.35
2011.01.13 11:15:03.096,1.7124,1.71307,1.54,1.80
2011.01.13 11:15:03.644,1.7124,1.71307,1.54,1.35
2011.01.13 11:15:03.752,1.71252,1.71313,1.54,1.73
2011.01.13 11:15:03.867,1.71252,1.71313,1.35,1.92
2011.01.13 11:15:03.976,1.7124,1.71312,2.29,1.92
2011.01.13 11:15:06.278,1.7124,1.71312,2.29,1.73
2011.01.13 11:15:06.870,1.71241,1.71312,1.28,1.92
2011.01.13 11:15:07.096,1.71241,1.71311,2.29,1.73
2011.01.13 11:15:07.878,1.71253,1.71312,1.35,1.73
2011.01.13 11:15:09.758,1.71253,1.71311,1.35,1.39
2011.01.13 11:15:09.976,1.71239,1.713,1.54,1.35
2011.01.13 11:15:10.887,1.71239,1.713,1.35,1.54
2011.01.13 11:15:10.998,1.71228,1.71298,2.74,1.54
2011.01.13 11:15:12.337,1.71228,1.71298,1.80,1.54
2011.01.13 11:15:12.445,1.71228,1.71298,1.80,1.99
2011.01.13 11:15:13.281,1.71239,1.713,1.54,1.35
2011.01.13 11:15:14.346,1.71233,1.71299,1.02,1.35
2011.01.13 11:15:14.854,1.71228,1.71299,1.32,1.54
2011.01.13 11:15:16.019,1.71227,1.71299,1.80,1.99
2011.01.13 11:15:16.584,1.71226,1.71286,1.92,1.35
2011.01.13 11:15:17.503,1.71214,1.71286,4.32,1.54
2011.01.13 11:15:18.889,1.71221,1.71272,1.69,1.35
2011.01.13 11:15:18.996,1.71226,1.71286,1.92,1.35
2011.01.13 11:15:19.326,1.71227,1.71295,1.92,2.07
2011.01.13 11:15:19.437,1.71227,1.71285,1.92,1.35
2011.01.13 11:15:20.883,1.71229,1.71285,1.32,1.35
2011.01.13 11:15:21.418,1.7124,1.71299,1.54,1.80
2011.01.13 11:15:21.542,1.71229,1.71298,2.22,1.54
2011.01.13 11:15:33.271,1.71226,1.71286,1.62,1.35
2011.01.13 11:15:37.958,1.71228,1.71286,1.02,1.35
2011.01.13 11:15:38.070,1.71227,1.71298,1.62,1.32
2011.01.13 11:15:38.187,1.71227,1.71285,1.62,1.35
2011.01.13 11:15:38.407,1.71228,1.71299,1.02,1.92
2011.01.13 11:15:38.517,1.71227,1.71297,1.62,1.32
2011.01.13 11:15:39.000,1.71226,1.71286,1.62,1.35
2011.01.13 11:15:39.119,1.71227,1.71299,1.62,1.92
2011.01.13 11:15:41.126,1.71227,1.71299,1.43,1.92
2011.01.13 11:15:41.345,1.71227,1.71285,1.35,1.35
2011.01.13 11:15:41.864,1.71227,1.71285,1.43,1.35
2011.01.13 11:15:42.922,1.71227,1.71285,1.35,1.35
2011.01.13 11:15:51.515,1.71227,1.71285,1.35,1.54
2011.01.13 11:15:51.625,1.71216,1.71285,1.54,1.54
2011.01.13 11:15:55.180,1.71226,1.71286,1.35,1.35
2011.01.13 11:15:56.651,1.71226,1.71286,1.54,1.35
2011.01.13 11:16:03.304,1.71226,1.71282,1.62,1.35
2011.01.13 11:16:11.915,1.71226,1.71286,1.54,1.35
2011.01.13 11:16:17.104,1.7124,1.71299,1.35,1.54
2011.01.13 11:16:17.787,1.71239,1.713,1.54,1.73
2011.01.13 11:16:18.297,1.71239,1.713,1.54,1.73
2011.01.13 11:16:21.648,1.71239,1.713,2.29,1.73
2011.01.13 11:16:21.980,1.71258,1.71313,1.02,2.10
2011.01.13 11:16:22.739,1.71254,1.71319,2.37,1.35
2011.01.13 11:16:24.727,1.71246,1.71302,2.29,1.35
2011.01.13 11:16:25.107,1.71246,1.71302,2.10,1.80
2011.01.13 11:16:25.742,1.71245,1.7129,1.35,1.35
2011.01.13 11:16:26.636,1.71245,1.7129,1.99,1.35
2011.01.13 11:16:27.347,1.71259,1.71302,1.35,1.80
2011.01.13 11:16:27.463,1.71247,1.71303,1.02,1.35
2011.01.13 11:16:31.876,1.71247,1.71303,1.02,1.35
2011.01.13 11:16:41.908,1.71258,1.71303,2.37,1.35
2011.01.13 11:16:42.020,1.71259,1.71303,1.39,1.35
2011.01.13 11:16:42.250,1.71272,1.71315,1.35,1.99
2011.01.13 11:16:42.954,1.71259,1.71302,2.29,1.35
2011.01.13 11:16:43.071,1.71258,1.71303,2.29,1.35
2011.01.13 11:16:43.746,1.71258,1.71303,2.29,1.35
2011.01.13 11:16:44.357,1.71259,1.71315,2.29,1.35
2011.01.13 11:16:45.054,1.71259,1.71315,2.29,1.35
2011.01.13 11:16:46.198,1.71259,1.71302,1.54,1.35
2011.01.13 11:16:49.115,1.71258,1.71303,1.54,1.35
2011.01.13 11:16:52.427,1.71258,1.71303,2.29,1.35
2011.01.13 11:16:53.136,1.71259,1.71315,2.29,1.35
2011.01.13 11:16:53.658,1.71259,1.71315,1.54,1.54
2011.01.13 11:16:53.986,1.71259,1.71302,1.54,1.35
2011.01.13 11:16:54.582,1.71245,1.7129,1.54,1.35
2011.01.13 11:16:55.390,1.71245,1.7129,2.29,1.35
2011.01.13 11:16:55.489,1.71252,1.71308,2.29,1.35
2011.01.13 11:16:55.706,1.7124,1.71307,1.54,1.35
2011.01.13 11:16:56.293,1.71239,1.71295,1.35,1.35
2011.01.13 11:16:56.407,1.71229,1.71294,1.32,1.35
2011.01.13 11:16:56.517,1.71239,1.71295,1.35,1.35
2011.01.13 11:16:57.750,1.71239,1.71295,1.54,1.35
2011.01.13 11:16:58.197,1.71239,1.71295,1.35,1.54
2011.01.13 11:16:58.309,1.7123,1.71282,1.32,1.35
2011.01.13 11:16:58.418,1.71228,1.71282,1.32,1.35
2011.01.13 11:16:59.003,1.71239,1.71295,1.35,1.54
2011.01.13 11:16:59.119,1.71239,1.71295,1.35,1.99
2011.01.13 11:16:59.591,1.71232,1.71277,1.35,1.35
2011.01.13 11:17:00.136,1.71233,1.71276,1.35,1.35
2011.01.13 11:17:04.004,1.71232,1.7129,1.35,1.99
2011.01.13 11:17:04.132,1.71219,1.71264,4.32,1.35
2011.01.13 11:17:05.649,1.71219,1.71264,1.54,1.35
2011.01.13 11:17:06.058,1.71219,1.71264,2.29,1.35
2011.01.13 11:17:06.835,1.71257,1.71301,2.29,1.88
2011.01.13 11:17:07.407,1.71248,1.71302,1.54,1.88
2011.01.13 11:17:07.452,1.71248,1.71302,1.54,1.88
2011.01.13 11:17:07.573,1.71227,1.71271,2.10,1.35
2011.01.13 11:17:08.359,1.71227,1.71271,1.35,1.35
2011.01.13 11:17:08.467,1.71215,1.7127,1.54,1.35
2011.01.13 11:17:09.312,1.71215,1.7127,1.62,1.35
2011.01.13 11:17:10.389,1.71215,1.71268,1.35,1.39
2011.01.13 11:17:10.941,1.71206,1.71234,1.28,1.35
2011.01.13 11:17:11.054,1.7119,1.71234,1.54,1.35
2011.01.13 11:17:11.713,1.71193,1.71239,1.35,2.29
2011.01.13 11:17:11.829,1.71182,1.71228,1.35,2.29
2011.01.13 11:17:11.949,1.71177,1.7122,1.35,1.54
2011.01.13 11:17:12.495,1.71169,1.71215,4.32,1.54
2011.01.13 11:17:13.589,1.71169,1.71198,1.35,1.39
2011.01.13 11:17:13.698,1.71143,1.71189,3.42,1.35
2011.01.13 11:17:14.238,1.71143,1.71189,3.23,2.29
2011.01.13 11:17:14.351,1.71131,1.71188,2.29,2.29
2011.01.13 11:17:14.578,1.71139,1.71204,2.29,2.29
2011.01.13 11:17:15.149,1.71152,1.71205,1.35,1.54
2011.01.13 11:17:15.257,1.71152,1.71205,1.54,1.35
2011.01.13 11:17:15.975,1.71165,1.71218,1.35,1.35
2011.01.13 11:17:16.094,1.71178,1.71231,1.35,1.73
2011.01.13 11:17:16.833,1.71168,1.71219,1.28,1.54
2011.01.13 11:17:16.939,1.71138,1.71166,1.88,1.35
2011.01.13 11:17:17.062,1.7112,1.71166,1.88,1.35
2011.01.13 11:17:17.670,1.71122,1.71184,1.54,1.92
2011.01.13 11:17:17.788,1.71136,1.71184,1.35,1.73
2011.01.13 11:17:18.339,1.71136,1.71184,1.35,1.54
2011.01.13 11:17:18.463,1.71123,1.71183,1.54,1.54
2011.01.13 11:17:18.578,1.71127,1.71183,1.09,1.35
2011.01.13 11:17:19.208,1.71135,1.71185,1.43,1.73
2011.01.13 11:17:20.110,1.71149,1.71209,2.29,1.54
2011.01.13 11:17:20.336,1.71149,1.71209,2.29,1.35
2011.01.13 11:17:20.941,1.71148,1.7121,1.54,1.35
2011.01.13 11:17:21.716,1.71149,1.71197,1.54,1.35
2011.01.13 11:17:21.937,1.71138,1.71197,2.82,1.99
2011.01.13 11:17:22.048,1.71135,1.71197,2.29,1.54
2011.01.13 11:17:22.651,1.71135,1.71193,1.35,2.29
2011.01.13 11:17:22.876,1.71122,1.71172,3.42,1.35
2011.01.13 11:17:22.987,1.71122,1.71172,1.35,2.29
2011.01.13 11:17:23.582,1.71112,1.71171,2.82,1.54
2011.01.13 11:17:24.730,1.71117,1.71171,1.02,1.35
2011.01.13 11:17:24.958,1.71122,1.71172,1.35,1.35
2011.01.13 11:17:25.178,1.7111,1.7117,1.35,2.29
2011.01.13 11:17:25.698,1.71123,1.71171,1.35,2.29
2011.01.13 11:17:25.813,1.71097,1.71146,2.82,1.35
2011.01.13 11:17:25.931,1.71103,1.71163,1.54,1.73
2011.01.13 11:17:26.573,1.71105,1.71183,1.54,2.10
2011.01.13 11:17:27.732,1.71105,1.71183,2.29,2.10
2011.01.13 11:17:27.844,1.71117,1.71194,1.73,1.39
2011.01.13 11:17:28.649,1.71107,1.71183,1.32,1.35
2011.01.13 11:17:30.307,1.71112,1.71191,1.28,1.92
2011.01.13 11:17:30.416,1.71112,1.71184,1.28,1.35
2011.01.13 11:17:30.989,1.71105,1.71183,4.28,1.54
2011.01.13 11:17:31.326,1.71104,1.7117,1.38,1.35
2011.01.13 11:17:31.909,1.71094,1.71155,1.88,1.35
2011.01.13 11:17:32.711,1.71091,1.71155,2.07,1.35
2011.01.13 11:17:32.821,1.71083,1.71176,1.32,4.32
2011.01.13 11:17:33.506,1.71089,1.71175,1.47,4.09
2011.01.13 11:17:33.747,1.71095,1.71181,1.47,2.03
2011.01.13 11:17:34.314,1.71102,1.71183,1.28,2.03
2011.01.13 11:17:34.759,1.71109,1.71193,1.28,2.10
2011.01.13 11:17:35.439,1.71086,1.71185,4.09,1.43
2011.01.13 11:17:35.556,1.71086,1.71185,3.42,1.47
2011.01.13 11:17:35.665,1.71091,1.71188,1.28,3.34
2011.01.13 11:17:36.455,1.71092,1.71188,1.43,2.07
2011.01.13 11:17:36.785,1.71104,1.71184,1.54,1.35
2011.01.13 11:17:37.521,1.71105,1.71182,1.62,1.28
2011.01.13 11:17:39.314,1.71105,1.71183,2.89,1.35
2011.01.13 11:17:39.915,1.7111,1.71183,2.22,1.35
2011.01.13 11:17:40.027,1.71117,1.7119,1.62,1.28
2011.01.13 11:17:40.623,1.71111,1.71195,1.47,1.99
2011.01.13 11:17:40.849,1.71118,1.71195,1.35,1.84
2011.01.13 11:17:41.449,1.71111,1.71171,1.88,2.82
2011.01.13 11:17:41.566,1.71111,1.7117,1.88,1.80
2011.01.13 11:17:41.676,1.71092,1.7117,1.65,1.35
2011.01.13 11:17:42.314,1.71085,1.71169,9.68,1.35
2011.01.13 11:17:42.433,1.71087,1.71169,2.03,1.54
2011.01.13 11:17:42.547,1.71087,1.71169,2.22,1.35
2011.01.13 11:17:43.102,1.71091,1.71171,1.54,1.35
2011.01.13 11:17:44.223,1.71091,1.71171,2.97,1.35
2011.01.13 11:17:45.558,1.71091,1.71171,2.82,1.35
2011.01.13 11:17:45.665,1.71091,1.71171,3.19,1.35
2011.01.13 11:17:46.884,1.71092,1.71171,1.15,1.35
2011.01.13 11:17:47.488,1.71096,1.71171,1.62,1.35
2011.01.13 11:17:47.603,1.71098,1.71177,1.62,1.28
2011.01.13 11:17:47.718,1.71105,1.71177,1.35,1.28
2011.01.13 11:17:48.316,1.71105,1.71177,2.63,1.47
2011.01.13 11:17:48.430,1.71092,1.7117,1.92,1.35
2011.01.13 11:17:48.548,1.71093,1.7117,1.09,1.35
2011.01.13 11:17:49.339,1.71093,1.7117,2.97,1.35
2011.01.13 11:17:49.450,1.71098,1.71182,1.62,1.99
2011.01.13 11:17:51.766,1.71105,1.71183,1.47,2.25
2011.01.13 11:17:52.837,1.71105,1.71184,3.83,2.10
2011.01.13 11:17:52.947,1.7111,1.71184,1.28,2.10
2011.01.13 11:17:54.330,1.71116,1.71194,1.28,1.38
2011.01.13 11:17:54.467,1.7111,1.71194,1.47,1.38
2011.01.13 11:17:55.363,1.7111,1.71194,1.47,1.38
2011.01.13 11:17:55.482,1.71118,1.71196,3.15,1.35
2011.01.13 11:17:57.899,1.71118,1.71196,7.28,1.35
2011.01.13 11:17:58.532,1.71126,1.71202,1.02,1.28
2011.01.13 11:17:58.661,1.7113,1.71209,1.47,2.10
2011.01.13 11:18:00.497,1.71131,1.71209,2.82,1.73
2011.01.13 11:18:00.610,1.71124,1.71208,1.35,1.84
2011.01.13 11:18:01.479,1.71124,1.71208,1.28,4.28
2011.01.13 11:18:02.180,1.71124,1.71208,1.47,1.95
2011.01.13 11:18:02.517,1.7113,1.7121,2.97,2.10
2011.01.13 11:18:03.102,1.71125,1.71208,2.03,1.84
2011.01.13 11:18:03.221,1.71125,1.71185,1.88,1.02
2011.01.13 11:18:03.862,1.71105,1.71185,3.38,2.59
2011.01.13 11:18:03.984,1.71092,1.7117,4.39,1.35
2011.01.13 11:18:04.812,1.71084,1.7117,1.38,1.54
2011.01.13 11:18:05.299,1.71093,1.7117,1.28,1.35
2011.01.13 11:18:05.806,1.7109,1.7117,1.15,1.35
2011.01.13 11:18:06.138,1.71098,1.71182,4.05,3.19
2011.01.13 11:18:06.930,1.71093,1.7117,1.65,1.54
2011.01.13 11:18:07.977,1.71089,1.7117,1.62,1.54
2011.01.13 11:18:08.589,1.71087,1.7117,4.49,1.54
2011.01.13 11:18:09.316,1.71089,1.7117,1.80,1.35
2011.01.13 11:18:09.426,1.71087,1.7117,4.32,1.35
2011.01.13 11:18:10.374,1.71085,1.71169,1.30,1.54
2011.01.13 11:18:11.536,1.71085,1.71162,1.30,1.28
2011.01.13 11:18:12.271,1.71079,1.71158,4.13,1.35
2011.01.13 11:18:12.827,1.71085,1.71169,4.49,2.82
2011.01.13 11:18:15.246,1.71087,1.71169,1.13,2.63
2011.01.13 11:18:15.358,1.71092,1.71169,3.90,1.35
2011.01.13 11:18:15.469,1.71092,1.71175,4.02,1.28
2011.01.13 11:18:15.956,1.71098,1.71177,1.54,1.28
2011.01.13 11:18:16.069,1.71098,1.71182,1.92,1.54
2011.01.13 11:18:16.996,1.71098,1.71182,1.73,2.29
2011.01.13 11:18:17.112,1.71096,1.71171,2.18,1.54
2011.01.13 11:18:18.340,1.71097,1.71171,1.02,1.35
2011.01.13 11:18:18.896,1.71098,1.7117,1.84,1.35
2011.01.13 11:18:19.403,1.7111,1.71183,1.35,1.43
2011.01.13 11:18:24.517,1.71112,1.71183,2.22,1.35
2011.01.13 11:18:24.855,1.71123,1.71196,1.50,2.10
2011.01.13 11:18:25.756,1.71123,1.71196,1.88,1.35
2011.01.13 11:18:28.570,1.71158,1.71204,1.54,1.35
2011.01.13 11:18:28.906,1.71154,1.71218,2.29,2.82
2011.01.13 11:18:29.836,1.71154,1.71219,1.35,2.29
2011.01.13 11:18:31.246,1.71168,1.71219,1.39,1.35
2011.01.13 11:18:31.751,1.71179,1.71228,1.35,1.28
2011.01.13 11:18:31.872,1.71159,1.71198,1.88,1.35
2011.01.13 11:18:32.116,1.71131,1.71198,1.92,1.35
2011.01.13 11:18:32.446,1.71131,1.71198,4.38,1.35
2011.01.13 11:18:32.779,1.7114,1.71218,1.88,1.28
2011.01.13 11:18:32.996,1.71139,1.71225,1.28,1.28
2011.01.13 11:18:33.688,1.71146,1.7123,1.28,1.28
2011.01.13 11:18:34.127,1.7114,1.71224,1.28,1.28
2011.01.13 11:18:35.506,1.71145,1.71231,1.28,1.28
2011.01.13 11:18:35.895,1.71145,1.71231,2.22,1.28
2011.01.13 11:18:36.007,1.71197,1.71244,1.47,1.88
2011.01.13 11:18:36.117,1.71217,1.71245,1.35,1.88
2011.01.13 11:18:36.704,1.71217,1.71245,1.35,2.82
2011.01.13 11:18:36.823,1.71164,1.71193,1.88,1.35
2011.01.13 11:18:37.048,1.71135,1.71188,1.54,1.54
2011.01.13 11:18:37.992,1.71153,1.71196,1.28,1.39
2011.01.13 11:18:38.111,1.71153,1.71217,2.22,1.88
2011.01.13 11:18:38.340,1.71153,1.7123,1.28,2.82
2011.01.13 11:18:38.459,1.71139,1.71225,2.22,2.22
2011.01.13 11:18:39.289,1.71139,1.71225,1.28,1.28
2011.01.13 11:18:39.786,1.71144,1.71225,1.28,1.28
2011.01.13 11:18:39.895,1.71146,1.7123,1.28,1.28
2011.01.13 11:18:40.960,1.71153,1.71239,1.28,1.28
2011.01.13 11:18:41.236,1.71153,1.71233,1.28,1.28
2011.01.13 11:18:41.348,1.71145,1.71231,1.28,1.28
2011.01.13 11:18:42.906,1.71152,1.71238,1.28,1.28
2011.01.13 11:18:46.595,1.71158,1.7124,1.28,1.28
2011.01.13 11:18:46.705,1.71158,1.71244,1.28,1.28
2011.01.13 11:18:48.816,1.71156,1.71238,1.28,1.28
2011.01.13 11:18:48.927,1.71152,1.71238,1.28,1.28
2011.01.13 11:18:49.447,1.71152,1.71232,1.28,1.28
2011.01.13 11:18:49.559,1.71145,1.71231,1.28,1.28
2011.01.13 11:18:49.899,1.71153,1.71237,1.28,1.28
2011.01.13 11:18:50.374,1.71153,1.71237,2.22,1.28
2011.01.13 11:18:50.711,1.7119,1.71239,1.54,1.28
2011.01.13 11:18:51.291,1.71198,1.71297,1.43,2.03
2011.01.13 11:18:52.224,1.71198,1.71297,1.28,2.03
2011.01.13 11:18:52.546,1.71204,1.71279,1.28,1.28
2011.01.13 11:18:53.081,1.71191,1.71277,1.28,1.28
2011.01.13 11:18:53.182,1.71198,1.71284,1.28,1.65
2011.01.13 11:18:53.546,1.71192,1.71276,1.28,1.28
2011.01.13 11:18:54.132,1.71184,1.71264,1.28,1.28
2011.01.13 11:18:55.155,1.71178,1.71264,1.28,1.28
2011.01.13 11:18:56.521,1.71166,1.7125,1.28,1.28
2011.01.13 11:18:57.339,1.71172,1.71266,1.28,1.88
2011.01.13 11:18:57.445,1.71172,1.71269,1.28,1.28
2011.01.13 11:18:58.979,1.71172,1.71269,1.47,1.28
2011.01.13 11:18:59.678,1.71186,1.71275,1.28,1.88
2011.01.13 11:19:00.005,1.71179,1.71263,1.28,1.28
2011.01.13 11:19:01.122,1.71179,1.71263,1.28,1.62
2011.01.13 11:19:01.326,1.71158,1.71244,1.28,1.28
2011.01.13 11:19:04.929,1.71152,1.71238,1.28,1.28
2011.01.13 11:19:06.652,1.71151,1.71224,1.28,1.28
2011.01.13 11:19:07.158,1.7114,1.71224,1.28,1.28
2011.01.13 11:19:07.273,1.71133,1.7123,1.95,1.28
2011.01.13 11:19:07.496,1.7114,1.71237,1.28,1.47
2011.01.13 11:19:08.201,1.7114,1.71237,1.28,1.28
2011.01.13 11:19:08.666,1.7114,1.71233,1.28,1.28
2011.01.13 11:19:08.776,1.71133,1.7123,1.65,1.28
2011.01.13 11:19:09.106,1.71139,1.71225,1.28,1.28
2011.01.13 11:19:11.726,1.71145,1.71226,1.28,1.28
2011.01.13 11:19:12.286,1.71145,1.71231,1.28,1.65
2011.01.13 11:19:13.131,1.71153,1.71237,1.28,2.03
2011.01.13 11:19:14.138,1.71153,1.71237,1.28,2.03
2011.01.13 11:19:17.052,1.71153,1.71237,1.28,2.03
2011.01.13 11:19:19.220,1.71153,1.71237,1.28,2.03
2011.01.13 11:19:20.876,1.71153,1.71237,1.28,1.28
2011.01.13 11:19:24.556,1.71151,1.71231,1.28,1.28
2011.01.13 11:19:24.666,1.71145,1.71231,1.28,1.28
2011.01.13 11:19:25.559,1.71143,1.71224,1.28,1.28
2011.01.13 11:19:25.677,1.71139,1.71225,1.28,1.28
2011.01.13 11:19:26.564,1.71146,1.7123,1.28,1.28
2011.01.13 11:19:27.367,1.71139,1.71225,1.28,1.28
2011.01.13 11:19:29.397,1.71139,1.71225,1.28,1.47
2011.01.13 11:19:29.989,1.71126,1.71212,2.03,1.28
2011.01.13 11:19:31.603,1.71126,1.71212,2.03,1.47
2011.01.13 11:19:31.722,1.71113,1.71199,1.28,1.28
2011.01.13 11:19:32.628,1.7112,1.71204,1.28,1.28
2011.01.13 11:19:33.807,1.71119,1.71205,1.28,1.28
2011.01.13 11:19:34.277,1.71114,1.71198,1.28,1.28
2011.01.13 11:19:35.039,1.71119,1.71201,1.28,1.28
2011.01.13 11:19:35.151,1.71113,1.71199,1.28,1.28
2011.01.13 11:19:40.307,1.71113,1.71199,1.28,1.47
2011.01.13 11:19:40.420,1.711,1.71186,1.28,1.28
2011.01.13 11:19:41.230,1.71113,1.71199,1.28,1.28
2011.01.13 11:19:41.626,1.71106,1.71192,1.28,1.28
2011.01.13 11:19:44.195,1.71113,1.71194,1.28,1.28
2011.01.13 11:19:44.929,1.71113,1.71199,1.28,1.28
2011.01.13 11:19:45.037,1.7112,1.71204,1.28,1.28
2011.01.13 11:20:00.263,1.71127,1.71211,1.28,1.28
2011.01.13 11:20:05.219,1.71119,1.71205,1.28,1.28
2011.01.13 11:20:05.568,1.71126,1.71212,1.28,1.28
2011.01.13 11:20:14.315,1.71126,1.71206,1.28,1.28
2011.01.13 11:20:14.425,1.71119,1.71205,1.28,1.28
2011.01.13 11:20:15.599,1.71114,1.71198,1.28,1.28
2011.01.13 11:20:17.637,1.71117,1.71198,1.28,1.28
2011.01.13 11:20:17.746,1.71119,1.71205,1.28,1.28
2011.01.13 11:20:17.856,1.71119,1.712,1.28,1.28
2011.01.13 11:20:17.966,1.71113,1.71199,1.28,1.28
2011.01.13 11:20:20.646,1.71119,1.712,1.28,1.28
2011.01.13 11:20:20.757,1.71119,1.71205,1.28,1.28
2011.01.13 11:20:21.439,1.71126,1.71212,1.28,1.28
2011.01.13 11:20:26.177,1.71126,1.71212,2.22,1.28
2011.01.13 11:20:26.786,1.71145,1.71225,1.35,2.03
2011.01.13 11:20:27.966,1.71146,1.7123,1.28,2.03
2011.01.13 11:20:28.555,1.71146,1.7123,1.43,2.03
2011.01.13 11:20:29.143,1.71146,1.7123,1.43,2.03
2011.01.13 11:20:29.938,1.71142,1.71227,1.58,4.13
2011.01.13 11:20:30.047,1.71144,1.7122,1.35,4.84
2011.01.13 11:20:30.159,1.71144,1.71215,1.35,1.09
2011.01.13 11:20:30.841,1.71133,1.71206,1.88,1.35
2011.01.13 11:20:31.178,1.71132,1.71217,1.54,4.28
2011.01.13 11:20:31.289,1.71132,1.71219,1.84,1.92
2011.01.13 11:20:35.563,1.71134,1.71218,1.38,1.47
2011.01.13 11:20:37.440,1.71144,1.71218,1.35,1.47
2011.01.13 11:20:37.556,1.71144,1.7122,1.35,2.63
2011.01.13 11:20:38.472,1.71146,1.71219,1.62,1.28
2011.01.13 11:20:38.586,1.71146,1.71226,1.62,1.65
2011.01.13 11:20:39.365,1.71146,1.71218,1.62,1.35
2011.01.13 11:20:39.481,1.71136,1.71218,1.65,1.54
2011.01.13 11:20:39.597,1.71132,1.71206,7.50,1.35
2011.01.13 11:20:40.301,1.71124,1.71205,1.30,1.28
2011.01.13 11:20:40.858,1.71132,1.71206,2.10,1.35
2011.01.13 11:20:40.967,1.71133,1.71211,4.65,1.47
2011.01.13 11:20:41.621,1.71131,1.71207,2.10,1.35
2011.01.13 11:20:41.956,1.71124,1.71204,1.38,1.28
2011.01.13 11:20:45.446,1.7112,1.71204,7.43,1.28
2011.01.13 11:20:50.305,1.71126,1.71205,1.43,1.35
2011.01.13 11:20:50.416,1.71132,1.71206,1.35,1.35
2011.01.13 11:20:53.846,1.71132,1.71206,1.35,1.54
2011.01.13 11:20:53.958,1.7112,1.71204,3.00,2.37
2011.01.13 11:20:54.621,1.71118,1.71194,2.10,1.35
2011.01.13 11:20:54.741,1.7112,1.71205,1.92,2.97
2011.01.13 11:20:55.494,1.7112,1.71199,1.92,1.28
2011.01.13 11:20:55.827,1.71119,1.71193,1.35,1.35
2011.01.13 11:20:56.536,1.71119,1.71193,2.29,1.35
2011.01.13 11:20:57.022,1.71125,1.71193,1.92,1.35
2011.01.13 11:20:57.397,1.71139,1.71195,1.35,1.35
2011.01.13 11:20:58.960,1.71153,1.71207,1.35,1.73
2011.01.13 11:21:00.785,1.71153,1.71207,1.54,1.73
2011.01.13 11:21:01.684,1.71139,1.71214,1.39,2.82
2011.01.13 11:21:02.066,1.71148,1.71217,1.02,2.03
2011.01.13 11:21:02.706,1.71145,1.7122,1.54,2.10
2011.01.13 11:21:05.532,1.71157,1.71233,1.35,1.62
2011.01.13 11:21:05.756,1.71157,1.71233,1.54,1.43
2011.01.13 11:21:06.779,1.71157,1.71233,1.69,1.35
2011.01.13 11:21:06.899,1.71166,1.71245,7.43,1.73
2011.01.13 11:21:07.724,1.71166,1.71236,1.62,1.35
2011.01.13 11:21:08.658,1.7116,1.71224,1.28,1.35
2011.01.13 11:21:08.876,1.71153,1.71238,1.84,1.47
2011.01.13 11:21:09.582,1.71179,1.71258,3.87,4.32
2011.01.13 11:21:09.806,1.71179,1.71258,1.54,4.32
2011.01.13 11:21:10.424,1.71179,1.71258,1.54,4.32
2011.01.13 11:21:12.228,1.71179,1.71256,1.35,2.82
2011.01.13 11:21:12.339,1.71171,1.71245,3.15,1.92
2011.01.13 11:21:13.080,1.7117,1.71245,2.07,3.00
2011.01.13 11:21:15.493,1.71166,1.71245,2.97,1.35
2011.01.13 11:21:16.400,1.71166,1.71238,1.35,1.47
2011.01.13 11:21:16.952,1.71168,1.71245,1.09,1.35
2011.01.13 11:21:17.802,1.71176,1.71257,1.09,2.10
2011.01.13 11:21:17.911,1.71167,1.71257,8.93,2.29
2011.01.13 11:21:18.028,1.71167,1.71256,1.69,1.09
2011.01.13 11:21:18.768,1.71167,1.71253,1.62,1.92
2011.01.13 11:21:18.879,1.71166,1.71249,1.28,1.09
2011.01.13 11:21:18.987,1.71163,1.71244,1.88,1.54
2011.01.13 11:21:19.096,1.71163,1.71244,1.88,1.54
2011.01.13 11:21:19.701,1.71159,1.71243,1.47,1.54
2011.01.13 11:21:19.818,1.71159,1.71243,1.77,1.47
2011.01.13 11:21:20.145,1.71166,1.71245,2.97,1.35
2011.01.13 11:21:22.690,1.71166,1.71245,2.78,1.54
2011.01.13 11:21:22.918,1.71166,1.71245,2.97,1.35
2011.01.13 11:21:24.450,1.71166,1.71245,1.35,1.69
2011.01.13 11:21:24.787,1.71166,1.71245,1.54,1.50
2011.01.13 11:21:24.896,1.71166,1.71245,1.69,1.35
2011.01.13 11:21:25.589,1.71166,1.71245,1.54,1.43
2011.01.13 11:21:27.136,1.71166,1.71245,1.35,3.34
2011.01.13 11:21:27.488,1.71153,1.71231,2.29,1.35
2011.01.13 11:21:28.110,1.71147,1.7123,1.32,1.47
2011.01.13 11:21:31.149,1.71153,1.71232,4.13,1.35
2011.01.13 11:21:35.236,1.71153,1.71226,1.28,1.47
2011.01.13 11:21:35.926,1.71142,1.71196,2.03,1.32
2011.01.13 11:21:36.044,1.71106,1.71167,1.35,1.80
2011.01.13 11:21:36.270,1.71105,1.71149,2.07,1.35
2011.01.13 11:21:36.388,1.71106,1.71167,1.35,1.35
2011.01.13 11:21:37.479,1.71129,1.71189,1.35,1.35
2011.01.13 11:21:39.201,1.71117,1.71161,1.88,1.35
2011.01.13 11:21:39.316,1.71112,1.71161,1.88,1.35
2011.01.13 11:21:39.427,1.71112,1.71161,2.82,1.54
2011.01.13 11:21:39.758,1.71116,1.71167,1.39,1.35
2011.01.13 11:21:40.256,1.71123,1.71171,2.29,1.35
2011.01.13 11:21:40.372,1.71142,1.71202,2.29,2.29
2011.01.13 11:21:41.199,1.71142,1.71202,1.54,1.54
2011.01.13 11:21:41.309,1.71131,1.71173,1.28,1.35
2011.01.13 11:21:41.417,1.71126,1.71173,1.88,1.35
2011.01.13 11:21:41.530,1.71124,1.71173,1.35,1.35
2011.01.13 11:21:41.757,1.71124,1.71172,1.35,1.39
2011.01.13 11:21:41.868,1.71113,1.71161,2.29,1.35
2011.01.13 11:21:42.998,1.71114,1.71174,2.29,1.35
2011.01.13 11:21:43.107,1.7112,1.71186,2.29,1.39
2011.01.13 11:21:43.770,1.7112,1.71192,2.29,2.29
2011.01.13 11:21:43.885,1.7112,1.71192,2.29,1.54
2011.01.13 11:21:44.198,1.71127,1.71192,1.09,1.35
2011.01.13 11:21:44.852,1.71134,1.71193,1.02,1.35
2011.01.13 11:21:44.973,1.71127,1.71203,2.22,2.82
2011.01.13 11:21:45.090,1.71126,1.71198,1.47,2.22
2011.01.13 11:21:45.801,1.7112,1.71192,3.42,2.37
2011.01.13 11:21:46.138,1.71114,1.71178,1.58,1.35
2011.01.13 11:21:46.629,1.71113,1.71178,1.02,1.54
2011.01.13 11:21:46.948,1.71119,1.71182,1.32,1.28
2011.01.13 11:21:47.057,1.71119,1.71182,1.32,1.47
2011.01.13 11:21:47.643,1.71142,1.71202,1.54,1.92
2011.01.13 11:21:47.757,1.71142,1.71202,1.54,1.73
2011.01.13 11:21:48.440,1.7113,1.71188,1.35,1.35
2011.01.13 11:21:48.778,1.71122,1.7116,1.88,1.35
2011.01.13 11:21:49.283,1.71123,1.71183,1.54,1.80
2011.01.13 11:21:49.401,1.71119,1.71198,1.32,2.22
2011.01.13 11:21:50.084,1.71123,1.71198,1.39,1.28
2011.01.13 11:21:50.417,1.71142,1.71202,1.54,1.88
2011.01.13 11:21:50.528,1.71122,1.712,2.29,1.54
2011.01.13 11:21:51.169,1.71143,1.71201,1.54,1.35
2011.01.13 11:21:53.496,1.71143,1.71201,1.35,2.29
2011.01.13 11:21:53.606,1.71123,1.71173,1.88,1.35
2011.01.13 11:21:53.827,1.71123,1.71162,1.88,1.54
2011.01.13 11:21:53.935,1.71103,1.71162,2.82,1.54
2011.01.13 11:21:55.070,1.71106,1.71162,2.82,1.35
2011.01.13 11:21:55.193,1.71094,1.71117,2.03,1.35
2011.01.13 11:21:55.311,1.71094,1.71117,1.28,1.35
2011.01.13 11:21:55.940,1.71078,1.71136,2.89,1.35
2011.01.13 11:21:56.056,1.71085,1.71147,2.29,1.73
2011.01.13 11:21:57.007,1.71097,1.71157,1.54,4.32
2011.01.13 11:21:57.339,1.71112,1.71176,1.32,1.88
2011.01.13 11:21:57.456,1.71112,1.7119,1.32,2.82
2011.01.13 11:21:58.050,1.71118,1.71193,2.29,2.22
2011.01.13 11:21:58.276,1.71122,1.71206,2.22,2.03
2011.01.13 11:21:58.791,1.71122,1.71206,1.47,2.03
2011.01.13 11:21:58.913,1.71131,1.71209,1.54,2.03
2011.01.13 11:21:59.248,1.71135,1.71219,1.28,4.13
2011.01.13 11:21:59.930,1.71135,1.71219,1.35,4.13
2011.01.13 11:22:00.486,1.71122,1.71207,2.59,2.03
2011.01.13 11:22:01.048,1.71122,1.71207,1.09,2.03
2011.01.13 11:22:01.072,1.71121,1.71206,1.43,1.69
2011.01.13 11:22:01.180,1.71117,1.71193,1.95,1.28
2011.01.13 11:22:01.299,1.71139,1.71193,1.35,1.28
2011.01.13 11:22:01.418,1.71139,1.71197,1.35,1.73
2011.01.13 11:22:02.031,1.7114,1.7121,1.35,2.10
2011.01.13 11:22:02.367,1.71132,1.71192,1.35,1.35
2011.01.13 11:22:03.146,1.71132,1.71192,1.50,1.35
2011.01.13 11:22:03.388,1.71132,1.71192,1.35,1.35
2011.01.13 11:22:03.865,1.71132,1.71192,1.54,1.35
2011.01.13 11:22:04.762,1.71144,1.71194,1.35,1.54
2011.01.13 11:22:04.883,1.71131,1.71181,1.54,1.35
2011.01.13 11:22:05.108,1.71131,1.71181,2.29,1.35
2011.01.13 11:22:05.216,1.71131,1.71193,2.29,1.35
2011.01.13 11:22:05.692,1.71144,1.71194,1.35,1.35
2011.01.13 11:22:06.027,1.71144,1.71206,1.54,1.92
2011.01.13 11:22:06.138,1.71144,1.71203,1.35,1.32
2011.01.13 11:22:06.760,1.71145,1.71169,1.35,1.39
2011.01.13 11:22:06.883,1.71104,1.71162,2.82,1.54
2011.01.13 11:22:06.997,1.711,1.71162,2.29,1.54
2011.01.13 11:22:07.218,1.711,1.71162,2.29,1.35
2011.01.13 11:22:07.325,1.71116,1.7118,2.29,1.73
2011.01.13 11:22:07.437,1.71116,1.71187,2.29,2.82
2011.01.13 11:22:08.057,1.71116,1.71188,1.54,4.32
2011.01.13 11:22:10.249,1.71119,1.71188,1.39,2.10
2011.01.13 11:22:10.587,1.71117,1.71187,1.69,2.10
2011.01.13 11:22:12.731,1.71117,1.71187,1.62,2.10
2011.01.13 11:22:14.121,1.7113,1.71188,1.54,2.10
2011.01.13 11:22:14.826,1.71117,1.71162,1.73,1.35
2011.01.13 11:22:14.935,1.71114,1.71162,1.35,1.35
2011.01.13 11:22:15.838,1.7113,1.71188,2.29,1.54
2011.01.13 11:22:16.486,1.7113,1.71188,1.54,1.35
2011.01.13 11:22:19.068,1.7113,1.71187,1.35,1.28
2011.01.13 11:22:19.178,1.71117,1.71187,1.92,4.09
2011.01.13 11:22:19.286,1.71116,1.71176,1.92,1.35
2011.01.13 11:22:19.960,1.71116,1.71176,1.73,2.29
2011.01.13 11:22:20.186,1.71101,1.71149,1.35,1.35
2011.01.13 11:22:21.926,1.71101,1.71149,2.29,1.54
2011.01.13 11:22:22.257,1.711,1.71162,2.29,2.29
2011.01.13 11:22:23.550,1.711,1.71162,2.29,2.29
2011.01.13 11:22:25.290,1.711,1.7115,1.54,1.54
2011.01.13 11:22:26.959,1.711,1.7115,2.29,2.29
2011.01.13 11:22:29.414,1.711,1.71162,2.29,2.29
2011.01.13 11:22:31.467,1.711,1.71162,2.29,2.29
2011.01.13 11:22:32.857,1.711,1.71156,2.29,1.02
2011.01.13 11:22:33.077,1.71081,1.71097,1.88,2.22
2011.01.13 11:22:33.649,1.70999,1.71072,2.82,1.69
2011.01.13 11:22:33.756,1.70999,1.71074,2.82,2.03
2011.01.13 11:22:35.037,1.71013,1.71094,1.32,1.47
2011.01.13 11:22:36.787,1.71018,1.71094,1.88,1.43
2011.01.13 11:22:39.787,1.71019,1.71094,1.88,1.73
2011.01.13 11:22:39.897,1.71019,1.71085,1.88,1.35
2011.01.13 11:22:41.808,1.71015,1.71085,1.95,1.35
2011.01.13 11:22:42.660,1.71015,1.71085,1.88,1.35
2011.01.13 11:22:44.237,1.71022,1.71085,1.39,1.35
2011.01.13 11:22:44.808,1.71043,1.71091,1.35,1.35
2011.01.13 11:22:45.433,1.71043,1.71091,1.54,1.35
2011.01.13 11:22:46.077,1.71034,1.7108,2.82,1.35
2011.01.13 11:22:46.690,1.71043,1.71091,2.29,1.35
2011.01.13 11:22:47.198,1.71043,1.71091,1.54,1.35
2011.01.13 11:22:48.358,1.71043,1.71091,2.29,1.35
2011.01.13 11:22:48.474,1.71056,1.71104,1.54,1.35
2011.01.13 11:22:51.166,1.71056,1.71104,1.35,1.54
2011.01.13 11:22:51.496,1.71055,1.71105,1.54,1.35
2011.01.13 11:22:52.180,1.71055,1.71105,1.54,1.35
2011.01.13 11:22:55.316,1.71046,1.71099,2.07,1.54
2011.01.13 11:22:55.538,1.71055,1.71105,1.54,1.35
2011.01.13 11:22:56.087,1.71049,1.71104,1.02,1.54
2011.01.13 11:22:56.199,1.71049,1.71104,1.77,1.35
2011.01.13 11:22:56.883,1.71055,1.71105,1.54,1.35
2011.01.13 11:23:03.407,1.71055,1.71105,2.29,1.35
2011.01.13 11:23:03.525,1.71082,1.7113,2.29,1.35
2011.01.13 11:23:04.358,1.71094,1.71144,1.54,1.54
2011.01.13 11:23:04.467,1.71094,1.71144,1.35,2.29
2011.01.13 11:23:04.965,1.71079,1.71139,4.32,1.35
2011.01.13 11:23:05.687,1.71079,1.71139,1.54,1.35
2011.01.13 11:23:09.937,1.71073,1.71137,1.32,1.35
2011.01.13 11:23:10.046,1.71068,1.71137,1.13,1.35
2011.01.13 11:23:11.072,1.71079,1.71139,1.54,1.80
2011.01.13 11:23:11.189,1.71067,1.71137,4.32,1.80
2011.01.13 11:23:11.298,1.71067,1.71125,2.10,1.35
2011.01.13 11:23:12.249,1.71067,1.71125,4.20,1.35
2011.01.13 11:23:15.537,1.71067,1.71125,1.43,1.35
2011.01.13 11:23:16.257,1.71067,1.71125,1.35,1.35
2011.01.13 11:23:17.946,1.71066,1.71126,1.35,1.35
2011.01.13 11:23:20.037,1.71066,1.71126,1.43,1.35
2011.01.13 11:23:29.917,1.71066,1.71126,1.50,1.35
2011.01.13 11:23:30.026,1.71066,1.71126,1.35,1.35
2011.01.13 11:23:30.259,1.71066,1.71126,1.50,1.35
2011.01.13 11:23:30.832,1.71068,1.71126,1.09,1.35
2011.01.13 11:23:30.951,1.71074,1.71137,1.02,1.35
2011.01.13 11:23:31.507,1.7108,1.71138,1.54,1.35
2011.01.13 11:23:32.216,1.71081,1.71138,2.78,1.35
2011.01.13 11:23:32.327,1.71081,1.7115,2.22,1.73
2011.01.13 11:23:33.043,1.71081,1.7115,2.37,1.73
2011.01.13 11:23:34.590,1.7108,1.71138,1.35,1.35
2011.01.13 11:23:35.280,1.71074,1.71138,1.88,1.54
2011.01.13 11:23:35.616,1.71072,1.71138,1.88,1.54
2011.01.13 11:23:35.839,1.71069,1.71116,1.88,1.35
2011.01.13 11:23:36.056,1.71057,1.71116,2.10,1.35
2011.01.13 11:23:37.308,1.71057,1.71129,2.25,1.54
2011.01.13 11:23:37.527,1.71056,1.71117,4.28,1.35
2011.01.13 11:23:37.746,1.7106,1.71129,1.65,1.54
2011.01.13 11:23:38.362,1.71059,1.71129,1.69,1.54
2011.01.13 11:23:38.907,1.71057,1.71129,2.37,1.54
2011.01.13 11:23:39.126,1.71054,1.71133,1.69,1.47
2011.01.13 11:23:39.926,1.71049,1.71137,2.82,1.54
2011.01.13 11:23:44.866,1.71058,1.71137,1.13,1.35
2011.01.13 11:23:45.088,1.71061,1.71138,1.62,1.35
2011.01.13 11:23:45.873,1.71064,1.71147,1.28,1.47
2011.01.13 11:23:45.990,1.71064,1.71147,2.78,1.47
2011.01.13 11:23:49.108,1.71063,1.71147,1.50,1.62
2011.01.13 11:23:49.873,1.71063,1.71137,1.50,1.35
2011.01.13 11:23:51.491,1.71045,1.71079,1.47,1.35
2011.01.13 11:23:51.607,1.71064,1.71112,1.35,1.35
2011.01.13 11:23:51.827,1.71074,1.71116,1.54,1.88
2011.01.13 11:23:52.609,1.71111,1.71133,1.28,1.88
2011.01.13 11:23:52.721,1.71102,1.71174,2.29,2.82
2011.01.13 11:23:53.666,1.71102,1.71164,2.29,1.50
2011.01.13 11:23:53.778,1.71102,1.71182,2.29,1.54
2011.01.13 11:23:55.547,1.71102,1.71179,1.50,1.47
2011.01.13 11:23:56.234,1.71098,1.71172,2.63,1.54
2011.01.13 11:23:56.346,1.71089,1.71163,2.10,1.92
2011.01.13 11:23:57.241,1.71089,1.71161,2.10,1.54
2011.01.13 11:23:57.361,1.71088,1.71148,2.10,1.35
2011.01.13 11:24:03.110,1.71093,1.71146,1.35,1.54
2011.01.13 11:24:03.728,1.71081,1.71133,1.35,1.09
2011.01.13 11:24:04.042,1.71068,1.71121,2.10,1.35
2011.01.13 11:24:04.671,1.71067,1.71122,2.10,1.35
2011.01.13 11:24:06.850,1.71072,1.71122,1.32,1.35
2011.01.13 11:24:06.967,1.7108,1.71134,1.35,1.28
2011.01.13 11:24:07.190,1.7108,1.71135,1.54,1.35
2011.01.13 11:24:07.682,1.7108,1.71135,1.35,1.35
2011.01.13 11:24:07.803,1.71081,1.71146,1.35,1.39
2011.01.13 11:24:07.980,1.71081,1.71134,1.35,1.35
2011.01.13 11:24:10.766,1.71081,1.71134,1.80,1.35
2011.01.13 11:24:10.991,1.71081,1.71148,2.29,1.35
2011.01.13 11:24:11.790,1.71094,1.71147,1.35,2.29
2011.01.13 11:24:12.623,1.71081,1.71134,1.35,1.35
2011.01.13 11:24:13.658,1.71082,1.71147,1.92,1.54
2011.01.13 11:24:13.777,1.71094,1.71147,1.35,1.35
2011.01.13 11:24:17.452,1.71094,1.71147,2.29,1.35
2011.01.13 11:24:17.583,1.71088,1.71159,1.47,1.54
2011.01.13 11:24:17.698,1.71086,1.71159,1.35,1.35
2011.01.13 11:24:17.810,1.71086,1.71159,1.43,1.35
2011.01.13 11:24:18.412,1.71086,1.71168,1.35,1.32
2011.01.13 11:24:18.527,1.71084,1.71152,2.63,1.35
2011.01.13 11:24:19.929,1.71084,1.71151,1.35,1.39
2011.01.13 11:24:20.606,1.71084,1.71139,1.35,1.35
2011.01.13 11:24:23.037,1.71084,1.71139,1.54,1.35
2011.01.13 11:24:23.734,1.71085,1.7115,1.02,1.54
2011.01.13 11:24:26.206,1.7108,1.7115,2.10,1.54
2011.01.13 11:24:26.317,1.71085,1.7115,2.82,1.35
2011.01.13 11:24:26.428,1.71097,1.71145,1.35,1.35
2011.01.13 11:24:30.526,1.71097,1.71145,1.35,1.54
2011.01.13 11:24:30.746,1.71085,1.71144,4.32,1.54
2011.01.13 11:24:31.079,1.71093,1.71144,1.32,1.35
2011.01.13 11:24:31.188,1.71093,1.71161,1.32,2.29
2011.01.13 11:24:31.839,1.71089,1.71161,2.67,1.54
2011.01.13 11:24:34.489,1.71093,1.71161,1.02,1.35
2011.01.13 11:24:35.084,1.71101,1.71161,1.35,1.35
2011.01.13 11:24:35.201,1.71103,1.71173,1.69,1.35
2011.01.13 11:24:37.347,1.71103,1.71173,1.54,1.35
2011.01.13 11:24:38.030,1.71102,1.71159,2.29,1.73
2011.01.13 11:24:38.147,1.71107,1.71174,2.29,4.17
2011.01.13 11:24:38.718,1.71107,1.71174,1.54,1.54
2011.01.13 11:24:40.857,1.71107,1.71174,1.35,2.89
2011.01.13 11:24:41.699,1.71106,1.71161,1.35,1.35
2011.01.13 11:24:42.637,1.71106,1.71161,1.43,1.35
2011.01.13 11:24:42.980,1.71108,1.71173,1.69,1.54
2011.01.13 11:24:47.960,1.71108,1.71173,1.50,1.54
2011.01.13 11:24:48.298,1.71107,1.7116,1.35,1.35
2011.01.13 11:24:49.001,1.71107,1.7116,1.54,1.35
2011.01.13 11:24:49.339,1.71107,1.71174,1.54,1.54
2011.01.13 11:24:49.951,1.71107,1.71174,1.35,5.97
2011.01.13 11:24:50.290,1.71094,1.71146,2.10,1.39
2011.01.13 11:24:50.898,1.71081,1.71134,2.10,1.35
2011.01.13 11:24:51.025,1.71082,1.71147,1.54,1.35
2011.01.13 11:24:52.480,1.71082,1.71147,1.54,1.35
2011.01.13 11:24:53.204,1.71093,1.71148,1.35,1.35
2011.01.13 11:24:54.151,1.71094,1.71147,1.35,1.35
2011.01.13 11:24:54.489,1.71107,1.71158,1.54,2.03
2011.01.13 11:24:55.082,1.71107,1.7116,1.35,2.10
2011.01.13 11:24:55.716,1.71107,1.7116,1.35,1.35
2011.01.13 11:24:56.367,1.71093,1.71148,1.73,1.35
2011.01.13 11:24:56.477,1.71093,1.71148,1.92,1.35
2011.01.13 11:24:56.586,1.71095,1.7116,1.54,1.35
2011.01.13 11:24:57.186,1.71095,1.7116,1.62,1.35
2011.01.13 11:24:58.208,1.71095,1.7116,1.62,1.80
2011.01.13 11:24:58.319,1.71094,1.71161,1.62,1.35
2011.01.13 11:25:00.817,1.71094,1.71161,1.54,1.35
2011.01.13 11:25:01.038,1.71094,1.71161,1.35,1.54
2011.01.13 11:25:01.450,1.71094,1.71147,1.35,1.54
2011.01.13 11:25:02.421,1.7108,1.71135,1.35,1.35
2011.01.13 11:25:03.437,1.7108,1.71135,1.54,1.35
2011.01.13 11:25:03.548,1.71082,1.71147,1.54,1.92
2011.01.13 11:25:04.392,1.71082,1.71147,1.35,1.92
2011.01.13 11:25:04.729,1.71081,1.71134,1.35,1.35
2011.01.13 11:25:04.841,1.71082,1.71147,1.54,1.73
2011.01.13 11:25:04.959,1.71082,1.71147,2.29,1.73
2011.01.13 11:25:05.541,1.71094,1.71147,1.35,1.73
2011.01.13 11:25:05.785,1.71094,1.71147,1.35,1.35
2011.01.13 11:25:06.699,1.71094,1.71147,1.54,1.35
2011.01.13 11:25:07.232,1.71094,1.71161,1.35,1.92
2011.01.13 11:25:07.351,1.71094,1.71147,1.35,1.35
2011.01.13 11:25:08.459,1.71094,1.71161,1.54,1.73
2011.01.13 11:25:13.287,1.71094,1.71161,1.35,3.19
2011.01.13 11:25:13.945,1.71094,1.71147,1.35,1.35
2011.01.13 11:25:18.665,1.71094,1.71147,1.35,2.29
2011.01.13 11:25:18.887,1.71078,1.71121,1.73,1.54
2011.01.13 11:25:18.998,1.71085,1.71121,1.39,1.35
2011.01.13 11:25:19.107,1.71094,1.71147,1.54,1.54
2011.01.13 11:25:19.759,1.71094,1.71147,1.35,1.35
2011.01.13 11:25:21.788,1.71094,1.71138,1.35,1.39
2011.01.13 11:25:21.897,1.71078,1.71121,1.73,1.35
2011.01.13 11:25:23.009,1.71089,1.71132,1.35,1.35
2011.01.13 11:25:25.537,1.71064,1.71099,1.28,1.35
2011.01.13 11:25:25.647,1.71062,1.71099,1.88,1.35
2011.01.13 11:25:25.757,1.71071,1.71116,1.54,1.28
2011.01.13 11:25:25.867,1.71071,1.71126,1.54,4.32
2011.01.13 11:25:26.758,1.71071,1.71126,1.35,2.10
2011.01.13 11:25:35.297,1.71071,1.71123,1.35,1.69
2011.01.13 11:25:35.408,1.71065,1.71119,1.35,1.92
2011.01.13 11:25:35.966,1.71058,1.71125,1.35,2.29
2011.01.13 11:25:36.082,1.71058,1.71113,1.35,1.35
2011.01.13 11:25:37.898,1.7106,1.71125,2.29,1.80
2011.01.13 11:25:38.019,1.71068,1.71135,1.54,1.92
2011.01.13 11:25:41.546,1.71068,1.71132,1.50,1.32
2011.01.13 11:25:41.876,1.71052,1.71108,1.35,1.35
2011.01.13 11:25:41.987,1.71052,1.71108,1.35,1.54
2011.01.13 11:25:42.318,1.71041,1.71096,2.10,1.54
2011.01.13 11:25:43.018,1.71058,1.71112,1.32,1.35
2011.01.13 11:25:43.134,1.7107,1.71147,2.29,2.82
2011.01.13 11:25:43.248,1.7107,1.71147,1.54,1.88
2011.01.13 11:25:45.676,1.71069,1.71153,3.72,1.47
2011.01.13 11:25:46.448,1.71075,1.71156,1.54,1.35
2011.01.13 11:25:46.556,1.71082,1.71156,1.35,1.35
2011.01.13 11:25:47.344,1.71082,1.71147,1.84,1.35
2011.01.13 11:25:47.450,1.71082,1.71145,1.35,1.28
2011.01.13 11:25:49.738,1.71082,1.71147,1.35,1.35
2011.01.13 11:25:50.196,1.71081,1.71134,1.35,1.35
2011.01.13 11:25:53.030,1.71069,1.71134,1.92,1.35
2011.01.13 11:25:58.366,1.71069,1.71134,1.92,1.80
2011.01.13 11:25:58.700,1.71051,1.71109,1.35,2.29
2011.01.13 11:25:58.817,1.71048,1.71097,1.88,1.54
2011.01.13 11:25:59.037,1.7104,1.71097,1.54,1.54
2011.01.13 11:25:59.258,1.71045,1.71108,2.29,1.47
2011.01.13 11:25:59.893,1.71068,1.71131,1.35,2.03
2011.01.13 11:26:00.488,1.71069,1.71142,1.92,1.28
2011.01.13 11:26:00.597,1.71069,1.71144,1.92,1.28
2011.01.13 11:26:00.707,1.71069,1.71152,1.92,1.88
2011.01.13 11:26:02.707,1.71069,1.71153,1.92,1.65
2011.01.13 11:26:03.400,1.71069,1.71153,4.80,1.65
2011.01.13 11:26:03.986,1.71073,1.71153,1.09,1.65
2011.01.13 11:26:04.590,1.7109,1.71157,1.35,2.10
2011.01.13 11:26:05.422,1.7109,1.7116,1.54,2.03
2011.01.13 11:26:05.761,1.71109,1.71159,1.35,1.73
2011.01.13 11:26:06.485,1.71085,1.71143,1.73,1.35
2011.01.13 11:26:07.176,1.71085,1.71143,1.92,1.35
2011.01.13 11:26:09.498,1.71073,1.71117,2.07,1.54
2011.01.13 11:26:09.829,1.71073,1.71107,1.88,1.54
2011.01.13 11:26:09.938,1.71059,1.71107,2.82,1.54
2011.01.13 11:26:10.047,1.71047,1.71099,1.69,1.54
2011.01.13 11:26:10.780,1.71062,1.71122,2.29,1.35
2011.01.13 11:26:10.897,1.71063,1.71142,2.29,2.82
2011.01.13 11:26:11.230,1.71068,1.71136,2.07,1.92
2011.01.13 11:26:11.458,1.71068,1.71136,1.88,2.67
2011.01.13 11:26:12.072,1.71059,1.71129,1.88,1.35
2011.01.13 11:26:12.186,1.71057,1.71129,1.88,1.35
2011.01.13 11:26:17.435,1.71057,1.71129,2.22,1.35
2011.01.13 11:26:17.658,1.71058,1.71137,2.07,1.65
2011.01.13 11:26:17.767,1.71058,1.7114,5.22,1.84
2011.01.13 11:26:18.659,1.71071,1.71132,1.88,1.28
2011.01.13 11:26:19.009,1.71062,1.71129,1.39,1.35
2011.01.13 11:26:19.613,1.71073,1.71143,1.69,2.10
2011.01.13 11:26:20.426,1.71073,1.71143,1.62,2.10
2011.01.13 11:26:20.876,1.71073,1.71143,1.62,2.10
2011.01.13 11:26:21.489,1.71084,1.71144,3.23,1.35
2011.01.13 11:26:22.048,1.71084,1.71144,3.30,1.35
2011.01.13 11:26:22.169,1.71084,1.71144,3.23,1.35
2011.01.13 11:26:22.407,1.71084,1.71144,4.17,1.35
2011.01.13 11:26:22.518,1.71086,1.71157,1.09,3.27
2011.01.13 11:26:23.104,1.71111,1.71169,1.54,2.10
2011.01.13 11:26:23.437,1.71111,1.71169,1.84,2.10
2011.01.13 11:26:24.028,1.71111,1.71169,1.54,2.10
2011.01.13 11:26:24.400,1.71111,1.71169,3.87,2.10
2011.01.13 11:26:25.403,1.71111,1.71169,1.54,2.10
2011.01.13 11:26:25.512,1.71111,1.71169,1.35,4.32
2011.01.13 11:26:25.629,1.71098,1.7117,3.38,2.10
2011.01.13 11:26:25.737,1.71098,1.7117,4.32,4.32
2011.01.13 11:26:26.455,1.71099,1.7117,2.22,4.32
2011.01.13 11:26:28.793,1.71098,1.71156,1.43,1.54
2011.01.13 11:26:28.913,1.71087,1.71143,5.22,1.35
2011.01.13 11:26:29.030,1.71085,1.71143,2.97,1.35
2011.01.13 11:26:29.598,1.71097,1.71157,1.35,1.54
2011.01.13 11:26:29.712,1.71086,1.71156,2.44,1.35
2011.01.13 11:26:30.018,1.71086,1.71156,6.12,1.35
2011.01.13 11:26:30.346,1.71093,1.71156,1.09,1.35
2011.01.13 11:26:30.948,1.71097,1.71157,3.90,1.35
2011.01.13 11:26:31.980,1.71097,1.71157,1.62,1.35
2011.01.13 11:26:34.453,1.71097,1.71157,3.90,1.35
2011.01.13 11:26:43.617,1.71097,1.71157,1.62,1.35
2011.01.13 11:26:46.327,1.71097,1.71157,1.43,1.35
2011.01.13 11:26:50.521,1.71085,1.71157,5.97,1.35
2011.01.13 11:26:50.748,1.71085,1.71157,1.80,1.99
2011.01.13 11:26:51.325,1.71084,1.71144,1.80,1.35
2011.01.13 11:26:52.659,1.71084,1.71143,1.58,1.35
2011.01.13 11:26:54.468,1.71083,1.71137,1.28,1.35
2011.01.13 11:26:54.582,1.71085,1.71143,1.35,1.35
2011.01.13 11:26:56.974,1.71089,1.71151,1.54,1.35
2011.01.13 11:26:58.511,1.71101,1.71152,1.50,1.35
2011.01.13 11:26:58.627,1.71103,1.71163,1.50,2.10
2011.01.13 11:26:58.738,1.71088,1.71157,1.47,1.73
2011.01.13 11:26:58.848,1.71087,1.71157,1.09,2.67
2011.01.13 11:27:00.079,1.71085,1.71157,3.90,1.54
2011.01.13 11:27:03.073,1.71097,1.71157,1.43,1.73
2011.01.13 11:27:05.657,1.71097,1.71157,1.62,1.35
2011.01.13 11:27:06.600,1.71097,1.71157,3.90,1.35
2011.01.13 11:27:07.090,1.71097,1.71157,1.62,1.35
2011.01.13 11:27:12.627,1.71107,1.71157,1.09,1.35
2011.01.13 11:27:12.744,1.7111,1.7117,3.87,1.35
2011.01.13 11:27:14.069,1.7111,1.7117,1.54,1.35
2011.01.13 11:27:19.657,1.7111,1.7117,3.72,1.35
2011.01.13 11:27:22.449,1.71118,1.7117,1.09,1.35
2011.01.13 11:27:22.557,1.71124,1.71182,1.54,1.35
2011.01.13 11:27:22.888,1.71124,1.71195,1.69,2.82
2011.01.13 11:27:23.470,1.71123,1.71183,1.62,1.35
2011.01.13 11:27:23.797,1.71127,1.71196,1.02,4.32
2011.01.13 11:27:24.499,1.71127,1.71196,2.40,4.32
2011.01.13 11:27:24.616,1.71127,1.71196,1.02,4.32
2011.01.13 11:27:24.727,1.71129,1.71196,3.72,4.32
2011.01.13 11:27:25.616,1.71129,1.71196,3.72,1.54
2011.01.13 11:27:26.071,1.71129,1.71184,1.35,3.90
2011.01.13 11:27:26.680,1.71116,1.7117,2.10,1.35
2011.01.13 11:27:28.928,1.71116,1.7117,2.10,2.29
2011.01.13 11:27:29.040,1.71116,1.7117,1.35,2.74
2011.01.13 11:27:29.523,1.71102,1.71158,1.35,1.35
2011.01.13 11:27:31.948,1.71102,1.71158,1.54,1.35
2011.01.13 11:27:32.168,1.71103,1.7117,1.69,1.99
2011.01.13 11:27:32.277,1.71103,1.7117,1.69,1.54
2011.01.13 11:27:32.387,1.71107,1.7117,1.54,1.73
2011.01.13 11:27:32.890,1.71116,1.7117,1.35,1.73
2011.01.13 11:27:33.298,1.71116,1.71183,1.69,4.32
2011.01.13 11:27:34.287,1.71121,1.71183,1.39,1.35
2011.01.13 11:27:34.505,1.71133,1.7119,1.35,1.35
2011.01.13 11:27:34.701,1.71133,1.7119,1.35,1.54
2011.01.13 11:27:35.321,1.71146,1.71203,1.43,1.92
2011.01.13 11:27:37.741,1.71146,1.71203,1.50,1.54
2011.01.13 11:27:42.980,1.7113,1.7117,1.88,1.54
2011.01.13 11:27:43.970,1.71113,1.7117,4.32,1.54
2011.01.13 11:27:44.656,1.7113,1.71176,1.35,1.39
2011.01.13 11:27:44.774,1.71142,1.71208,2.29,2.82
2011.01.13 11:27:44.997,1.71154,1.7121,1.54,2.29
2011.01.13 11:27:45.682,1.71155,1.71209,2.29,2.29
2011.01.13 11:27:45.797,1.71155,1.71209,1.35,1.35
2011.01.13 11:27:48.048,1.71155,1.71209,1.35,1.54
2011.01.13 11:27:48.677,1.71143,1.71208,1.88,1.35
2011.01.13 11:27:49.249,1.71146,1.71208,1.54,1.35
2011.01.13 11:27:50.158,1.71155,1.71209,1.43,1.35
2011.01.13 11:27:50.839,1.71155,1.71209,1.35,1.35
2011.01.13 11:27:50.960,1.71155,1.71209,1.35,1.54
2011.01.13 11:27:51.297,1.71142,1.71209,4.20,1.54
2011.01.13 11:27:52.330,1.71143,1.71208,2.07,1.35
2011.01.13 11:27:52.789,1.71143,1.71208,1.92,1.35
2011.01.13 11:27:53.347,1.71145,1.71208,1.47,1.35
2011.01.13 11:27:53.676,1.71155,1.71209,1.35,1.35
2011.01.13 11:27:54.939,1.71155,1.71209,1.35,2.74
2011.01.13 11:27:55.159,1.71141,1.71197,1.73,1.35
2011.01.13 11:27:55.801,1.7113,1.71195,1.54,1.35
2011.01.13 11:27:58.848,1.7113,1.71195,1.84,1.35
2011.01.13 11:27:59.384,1.71142,1.71196,1.35,1.35
2011.01.13 11:28:06.228,1.71142,1.71177,1.35,1.39
2011.01.13 11:28:06.446,1.71126,1.7117,1.73,1.54
2011.01.13 11:28:07.242,1.71141,1.71177,1.35,1.39
2011.01.13 11:28:07.361,1.71141,1.71187,2.29,1.28
2011.01.13 11:28:07.478,1.71141,1.71197,1.35,1.35
2011.01.13 11:28:10.090,1.71141,1.71197,1.54,1.35
2011.01.13 11:28:10.429,1.71146,1.71208,1.02,1.35
2011.01.13 11:28:11.076,1.71154,1.7121,1.35,1.35
2011.01.13 11:28:17.163,1.71154,1.7121,1.54,1.35
2011.01.13 11:28:17.295,1.71167,1.71223,1.43,1.35
2011.01.13 11:28:17.411,1.71167,1.71223,1.69,1.35
2011.01.13 11:28:18.011,1.71167,1.71223,4.24,1.35
2011.01.13 11:28:18.122,1.71181,1.71235,1.35,1.35
2011.01.13 11:28:18.878,1.7118,1.71245,1.35,1.39
2011.01.13 11:28:19.558,1.71181,1.71235,1.35,1.35
2011.01.13 11:28:23.597,1.71181,1.71235,1.35,1.99
2011.01.13 11:28:24.235,1.71176,1.7122,1.73,1.35
2011.01.13 11:28:24.703,1.71163,1.71207,1.35,1.35
2011.01.13 11:28:25.208,1.71163,1.71207,1.35,1.54
2011.01.13 11:28:25.326,1.71151,1.71206,1.35,1.54
2011.01.13 11:28:25.439,1.71149,1.71195,1.35,2.29
2011.01.13 11:28:26.130,1.71139,1.71183,1.35,1.35
2011.01.13 11:28:26.242,1.71149,1.71195,1.54,2.29
2011.01.13 11:28:26.659,1.71149,1.71195,1.35,2.29
2011.01.13 11:28:27.234,1.71132,1.71187,2.29,1.35
2011.01.13 11:28:27.355,1.71128,1.71185,1.43,1.35
2011.01.13 11:28:27.468,1.71128,1.71185,1.43,2.29
2011.01.13 11:28:27.579,1.7111,1.71178,1.99,1.54
2011.01.13 11:28:28.127,1.71105,1.71163,4.28,1.54
2011.01.13 11:28:28.958,1.71105,1.71163,2.10,2.29
2011.01.13 11:28:29.178,1.71108,1.71151,1.54,1.35
2011.01.13 11:28:29.764,1.71121,1.71164,1.35,1.35
2011.01.13 11:28:30.069,1.71121,1.71164,1.35,1.54
2011.01.13 11:28:33.868,1.71121,1.71164,1.35,2.29
2011.01.13 11:28:33.977,1.71107,1.71164,2.29,2.29
2011.01.13 11:28:34.622,1.71107,1.71137,1.35,1.39
2011.01.13 11:28:34.851,1.71084,1.71116,1.88,2.29
2011.01.13 11:28:35.415,1.71084,1.71123,1.88,2.29
2011.01.13 11:28:35.531,1.71084,1.71134,1.35,1.32
2011.01.13 11:28:37.065,1.71084,1.71137,1.35,1.54
2011.01.13 11:28:37.537,1.71084,1.71137,1.43,1.54
2011.01.13 11:28:39.628,1.71084,1.71137,1.35,1.54
2011.01.13 11:28:40.259,1.71084,1.71137,1.35,2.29
2011.01.13 11:28:40.373,1.71071,1.71124,1.35,1.35
2011.01.13 11:28:41.533,1.7107,1.71137,1.35,1.54
2011.01.13 11:28:42.769,1.7107,1.71125,1.35,1.35
2011.01.13 11:28:43.519,1.7107,1.71113,1.35,1.47
2011.01.13 11:28:43.628,1.7106,1.71098,1.88,1.35
2011.01.13 11:28:44.291,1.7107,1.71125,1.35,2.10
2011.01.13 11:28:45.754,1.7107,1.71125,1.35,1.35
2011.01.13 11:28:45.997,1.71071,1.71125,1.39,1.35
2011.01.13 11:28:46.611,1.71088,1.71131,1.35,1.54
2011.01.13 11:28:48.853,1.71088,1.71131,1.35,1.54
2011.01.13 11:28:50.366,1.71088,1.71131,1.54,1.35
2011.01.13 11:28:50.479,1.71089,1.7114,1.35,1.32
2011.01.13 11:28:50.588,1.71089,1.71139,1.35,1.32
2011.01.13 11:28:51.300,1.71088,1.71131,1.35,1.54
2011.01.13 11:28:52.347,1.71089,1.71142,1.35,1.32
2011.01.13 11:28:54.718,1.71089,1.71144,1.99,2.10
2011.01.13 11:28:55.371,1.711,1.71145,1.35,2.10
2011.01.13 11:28:55.863,1.711,1.71145,1.35,1.35
2011.01.13 11:28:58.542,1.71101,1.71157,1.54,1.39
2011.01.13 11:28:58.878,1.71101,1.71158,1.35,2.29
2011.01.13 11:28:59.099,1.71088,1.71145,1.35,2.29
2011.01.13 11:28:59.720,1.71088,1.71131,1.35,1.35
2011.01.13 11:29:03.256,1.71072,1.71146,2.97,2.29
2011.01.13 11:29:03.588,1.71076,1.71146,1.32,2.29
2011.01.13 11:29:04.141,1.71079,1.71133,2.07,1.39
2011.01.13 11:29:04.263,1.71072,1.71122,1.35,1.28
2011.01.13 11:29:04.597,1.7107,1.71122,1.35,1.28
2011.01.13 11:29:05.838,1.7107,1.71125,1.35,1.54
2011.01.13 11:29:08.049,1.7107,1.71125,1.50,1.54
2011.01.13 11:29:08.735,1.7107,1.71125,1.35,1.54
2011.01.13 11:29:13.427,1.71066,1.71109,1.35,1.35
2011.01.13 11:29:18.598,1.71066,1.71109,2.29,1.35
2011.01.13 11:29:18.710,1.71068,1.71121,1.02,1.35
2011.01.13 11:29:19.320,1.71078,1.71123,1.35,1.54
2011.01.13 11:29:21.837,1.71078,1.71123,1.54,1.35
2011.01.13 11:29:21.949,1.71078,1.71131,1.62,2.82
2011.01.13 11:29:25.196,1.71078,1.71135,2.37,2.29
2011.01.13 11:29:25.526,1.71092,1.71135,1.35,2.29
2011.01.13 11:29:25.936,1.71092,1.71135,1.35,1.54
2011.01.13 11:29:27.576,1.71078,1.71135,1.69,2.29
2011.01.13 11:29:28.731,1.71078,1.71123,1.35,1.54
2011.01.13 11:29:31.447,1.71078,1.71133,1.35,1.69
2011.01.13 11:29:31.776,1.71079,1.71127,1.35,1.69
2011.01.13 11:29:49.826,1.71078,1.71135,1.62,2.74
2011.01.13 11:29:52.018,1.71084,1.7114,1.35,1.32
2011.01.13 11:29:52.569,1.71084,1.71144,1.54,1.32
2011.01.13 11:29:53.375,1.71084,1.71144,1.69,1.32
2011.01.13 11:29:54.355,1.71087,1.71149,1.09,4.32
2011.01.13 11:29:54.468,1.71084,1.71149,1.95,2.10
2011.01.13 11:29:55.139,1.71097,1.7115,1.35,2.10
2011.01.13 11:29:55.624,1.71097,1.7115,1.35,1.35
2011.01.13 11:29:57.168,1.71097,1.7115,1.62,1.35
2011.01.13 11:29:57.279,1.71109,1.71164,1.35,1.92
2011.01.13 11:30:05.836,1.71109,1.71164,1.35,1.54
2011.01.13 11:30:11.690,1.71109,1.71164,1.35,2.29
2011.01.13 11:30:11.907,1.71096,1.71163,1.43,1.54
2011.01.13 11:30:12.036,1.71096,1.71163,1.35,1.54
2011.01.13 11:30:13.179,1.71096,1.71163,1.43,1.54
2011.01.13 11:30:13.767,1.71096,1.71163,3.60,1.35
2011.01.13 11:30:14.444,1.71109,1.71164,1.35,1.35
2011.01.13 11:30:18.226,1.7111,1.71175,1.54,1.47
2011.01.13 11:30:20.418,1.7111,1.71176,1.54,1.35
2011.01.13 11:30:20.636,1.7111,1.71176,1.35,1.54
2011.01.13 11:30:20.967,1.71109,1.71169,1.35,1.54
2011.01.13 11:30:23.897,1.71109,1.71169,1.54,1.35
2011.01.13 11:30:24.229,1.71111,1.7118,1.54,1.92
2011.01.13 11:30:24.556,1.71123,1.71181,1.35,1.92
2011.01.13 11:30:25.705,1.71123,1.71181,1.35,1.54
2011.01.13 11:30:26.327,1.71122,1.71177,1.35,1.35
2011.01.13 11:30:32.547,1.71122,1.71177,1.54,1.35
2011.01.13 11:30:33.222,1.71122,1.7119,1.54,1.92
2011.01.13 11:30:33.342,1.71122,1.71189,1.35,1.32
2011.01.13 11:30:33.682,1.71112,1.7118,2.18,1.28
2011.01.13 11:30:34.300,1.71122,1.71177,1.35,1.35
2011.01.13 11:30:34.626,1.71123,1.71189,1.54,1.54
2011.01.13 11:30:38.620,1.71123,1.71176,1.54,1.35
2011.01.13 11:30:39.253,1.71123,1.71176,1.35,1.35
2011.01.13 11:30:40.858,1.71123,1.71176,1.62,1.35
2011.01.13 11:30:41.387,1.71123,1.71189,1.62,1.54
2011.01.13 11:30:43.156,1.71123,1.71189,1.54,1.54
2011.01.13 11:30:43.478,1.71123,1.71189,1.69,1.54
2011.01.13 11:30:48.306,1.71123,1.71189,1.54,1.54
2011.01.13 11:30:50.208,1.71123,1.71189,1.62,1.54
2011.01.13 11:30:52.178,1.71123,1.71189,1.54,1.54
2011.01.13 11:30:52.669,1.71123,1.71189,1.62,1.54
2011.01.13 11:30:53.057,1.71123,1.71189,1.54,1.54
2011.01.13 11:30:53.862,1.71123,1.71189,2.07,1.35
2011.01.13 11:30:54.196,1.71136,1.71189,1.35,1.35
2011.01.13 11:30:55.023,1.71136,1.71189,1.35,1.54
2011.01.13 11:30:55.131,1.71122,1.7119,1.35,2.29
2011.01.13 11:30:58.701,1.71122,1.71177,1.35,1.35
2011.01.13 11:31:00.632,1.71136,1.71189,1.73,1.54
2011.01.13 11:31:00.969,1.71135,1.7119,1.73,1.54
2011.01.13 11:31:03.459,1.71131,1.71139,1.28,2.63
2011.01.13 11:31:03.580,1.71115,1.71127,1.88,1.35
2011.01.13 11:31:04.269,1.71088,1.71131,1.35,1.35
2011.01.13 11:31:06.450,1.71088,1.71131,1.35,1.54
2011.01.13 11:31:07.247,1.71088,1.71131,1.35,2.29
2011.01.13 11:31:07.360,1.71074,1.71119,1.35,2.29
2011.01.13 11:31:07.468,1.71074,1.71119,2.29,1.35
2011.01.13 11:31:07.577,1.71075,1.71132,1.54,2.29
2011.01.13 11:31:08.532,1.71082,1.71132,2.29,2.29
2011.01.13 11:31:09.979,1.71088,1.71131,1.35,1.54
2011.01.13 11:31:11.446,1.71082,1.71132,2.29,2.29
2011.01.13 11:31:12.509,1.71082,1.71132,2.29,1.54
2011.01.13 11:31:13.060,1.71083,1.71131,1.54,2.29
2011.01.13 11:31:13.508,1.71083,1.71131,2.29,1.35
2011.01.13 11:31:14.434,1.71087,1.71145,1.02,2.29
2011.01.13 11:31:14.540,1.71083,1.71131,1.54,1.54
2011.01.13 11:31:14.758,1.71083,1.71131,2.29,2.29
2011.01.13 11:31:15.087,1.71088,1.71145,1.02,2.29
2011.01.13 11:31:16.098,1.71096,1.71142,2.29,1.35
2011.01.13 11:31:16.319,1.71097,1.71142,1.09,1.35
2011.01.13 11:31:16.900,1.71097,1.71142,1.09,1.35
2011.01.13 11:31:17.118,1.71097,1.71158,1.09,2.67
2011.01.13 11:31:17.711,1.71098,1.71144,1.09,1.35
2011.01.13 11:31:17.828,1.71108,1.71156,1.54,1.54
2011.01.13 11:31:19.969,1.71109,1.71157,1.35,2.29
2011.01.13 11:31:20.078,1.71096,1.71144,1.54,2.29
2011.01.13 11:31:22.410,1.71095,1.71145,2.29,1.35
2011.01.13 11:31:22.737,1.71095,1.71145,1.54,2.29
2011.01.13 11:31:23.268,1.71096,1.71158,2.29,2.29
2011.01.13 11:31:23.384,1.71095,1.71145,1.35,2.29
2011.01.13 11:31:23.610,1.71097,1.71157,1.54,2.29
2011.01.13 11:31:24.895,1.71097,1.71157,2.29,1.54
2011.01.13 11:31:25.017,1.71109,1.71157,1.35,1.54
2011.01.13 11:31:25.129,1.711,1.71158,1.39,1.92
2011.01.13 11:31:25.242,1.71102,1.71152,1.54,2.29
2011.01.13 11:31:26.780,1.71096,1.71144,2.29,1.35
2011.01.13 11:31:26.890,1.71096,1.71158,2.29,2.29
2011.01.13 11:31:27.258,1.71096,1.71158,1.35,2.29
2011.01.13 11:31:27.369,1.71096,1.71144,1.54,1.54
2011.01.13 11:31:27.909,1.71092,1.7114,2.29,1.35
2011.01.13 11:31:28.020,1.71092,1.71137,2.29,1.35
2011.01.13 11:31:28.417,1.71092,1.71137,2.29,1.35
2011.01.13 11:31:28.638,1.71091,1.71151,2.29,2.29
2011.01.13 11:31:29.264,1.71091,1.71151,1.54,2.29
2011.01.13 11:31:29.492,1.71091,1.71151,2.29,1.99
2011.01.13 11:31:30.203,1.71092,1.7115,2.29,1.35
2011.01.13 11:31:31.388,1.71104,1.71151,2.29,1.35
2011.01.13 11:31:32.838,1.71104,1.71151,2.29,1.35
2011.01.13 11:31:33.474,1.71091,1.7115,2.29,1.39
2011.01.13 11:31:33.701,1.71092,1.7115,2.29,1.54
2011.01.13 11:31:35.431,1.71092,1.71137,2.29,1.35
2011.01.13 11:31:35.768,1.71097,1.71153,1.02,1.54
2011.01.13 11:31:36.360,1.71104,1.71154,2.29,1.35
2011.01.13 11:31:37.744,1.71104,1.71154,2.29,1.35
2011.01.13 11:31:38.991,1.71106,1.71156,2.29,1.35
2011.01.13 11:31:40.431,1.71098,1.71155,1.39,1.54
2011.01.13 11:31:40.661,1.71093,1.71155,2.29,1.54
2011.01.13 11:31:43.500,1.71094,1.71142,1.35,1.35
2011.01.13 11:31:44.759,1.71094,1.71142,1.35,1.54
2011.01.13 11:31:44.868,1.71083,1.71142,1.47,1.54
2011.01.13 11:31:45.678,1.7108,1.71141,2.10,2.22
2011.01.13 11:31:45.770,1.71068,1.71128,2.29,1.54
2011.01.13 11:31:45.881,1.71078,1.71136,1.35,1.39
2011.01.13 11:31:46.001,1.71078,1.7114,2.29,1.54
2011.01.13 11:31:47.117,1.71078,1.7114,2.44,1.35
2011.01.13 11:31:48.098,1.71092,1.7114,1.54,1.54
2011.01.13 11:31:49.971,1.71092,1.7114,2.29,1.35
2011.01.13 11:31:50.529,1.71104,1.71154,2.29,2.29
2011.01.13 11:31:50.643,1.71094,1.71142,2.29,1.92
2011.01.13 11:31:50.876,1.71094,1.71141,1.35,1.32
2011.01.13 11:31:51.583,1.7108,1.7113,2.29,1.54
2011.01.13 11:31:51.921,1.7108,1.7113,1.54,2.29
2011.01.13 11:31:52.494,1.71081,1.71129,1.54,1.35
2011.01.13 11:31:53.578,1.71081,1.71129,1.35,1.54
2011.01.13 11:31:53.687,1.71067,1.71129,2.44,1.54
2011.01.13 11:31:55.461,1.71067,1.71129,2.44,1.35
2011.01.13 11:32:00.314,1.71077,1.71128,1.02,1.35
2011.01.13 11:32:00.434,1.71068,1.71128,1.54,2.29
2011.01.13 11:32:00.550,1.71067,1.71116,2.37,1.35
2011.01.13 11:32:00.659,1.71067,1.71129,2.37,1.54
2011.01.13 11:32:01.582,1.71067,1.71129,2.37,1.54
2011.01.13 11:32:03.431,1.71067,1.71129,1.62,2.29
2011.01.13 11:32:04.046,1.71066,1.71117,1.62,1.35
2011.01.13 11:32:04.377,1.71067,1.71116,1.62,1.35
2011.01.13 11:32:04.707,1.71076,1.71125,2.29,1.54
2011.01.13 11:32:06.469,1.71076,1.71125,2.29,1.35
2011.01.13 11:32:08.777,1.71076,1.71125,1.54,2.29
2011.01.13 11:32:09.107,1.7106,1.71116,1.32,2.29
2011.01.13 11:32:10.091,1.71066,1.71117,1.54,1.35
2011.01.13 11:32:11.382,1.71067,1.71129,2.44,1.54
2011.01.13 11:32:11.667,1.71067,1.71129,2.44,1.35
2011.01.13 11:32:12.539,1.7108,1.7113,1.54,1.35
2011.01.13 11:32:18.461,1.71067,1.71129,2.37,1.54
2011.01.13 11:32:19.263,1.71067,1.71129,2.37,1.35
2011.01.13 11:32:22.009,1.71081,1.71129,1.35,1.54
2011.01.13 11:32:22.117,1.71067,1.71129,2.44,1.54
2011.01.13 11:32:25.313,1.71067,1.71116,1.69,1.35
2011.01.13 11:32:35.588,1.71067,1.71116,1.35,1.54
2011.01.13 11:32:35.698,1.71057,1.71116,1.02,1.54
2011.01.13 11:32:36.928,1.71066,1.71117,1.54,1.35
2011.01.13 11:32:39.971,1.7108,1.7113,1.54,1.92
2011.01.13 11:32:41.069,1.7108,1.7113,1.35,2.67
2011.01.13 11:32:41.178,1.71067,1.71129,2.37,2.29
2011.01.13 11:32:42.415,1.71067,1.71129,1.54,1.54
2011.01.13 11:32:42.947,1.71073,1.71142,2.29,4.50
2011.01.13 11:32:43.169,1.71073,1.71138,2.29,2.82
2011.01.13 11:32:43.851,1.71072,1.71132,1.35,1.73
2011.01.13 11:32:43.958,1.71072,1.71132,1.65,1.73
2011.01.13 11:32:44.291,1.71075,1.71132,2.67,1.73
2011.01.13 11:32:44.910,1.71089,1.71139,1.54,2.10
2011.01.13 11:32:45.022,1.71081,1.71153,2.67,2.29
