2017.08.22 10:00:00.610,1.61378,1.61411,1.00,1.37
2017.08.22 10:00:01.118,1.61379,1.61411,1.00,1.50
2017.08.22 10:00:01.270,1.61381,1.6141,1.00,1.00
2017.08.22 10:00:01.423,1.61385,1.61415,1.00,1.12
2017.08.22 10:00:01.632,1.61388,1.61416,1.00,1.00
2017.08.22 10:00:01.683,1.6139,1.61421,1.00,1.12
2017.08.22 10:00:02.101,1.61393,1.6142,1.00,1.25
2017.08.22 10:00:02.354,1.61387,1.6142,1.00,1.25
2017.08.22 10:00:02.406,1.61383,1.61418,1.00,1.12
2017.08.22 10:00:02.609,1.61371,1.61407,1.50,2.19
2017.08.22 10:00:02.864,1.6137,1.61406,2.25,1.69
2017.08.22 10:00:03.321,1.61376,1.61406,1.00,1.87
2017.08.22 10:00:03.625,1.61374,1.61407,1.00,1.94
2017.08.22 10:00:03.854,1.61373,1.61403,1.00,2.19
2017.08.22 10:00:03.905,1.61371,1.614,1.00,1.12
2017.08.22 10:00:04.006,1.61369,1.61399,1.00,1.12
2017.08.22 10:00:04.057,1.61367,1.61397,1.00,1.62
2017.08.22 10:00:04.664,1.61367,1.61397,1.00,1.31
2017.08.22 10:00:05.424,1.61367,1.61397,1.00,1.37
2017.08.22 10:00:06.184,1.61371,1.61399,1.00,1.37
2017.08.22 10:00:06.492,1.61376,1.61404,1.00,1.50
2017.08.22 10:00:07.236,1.61376,1.61403,1.00,1.12
2017.08.22 10:00:07.603,1.61369,1.61398,1.00,1.25
2017.08.22 10:00:07.655,1.61368,1.61396,1.00,1.00
2017.08.22 10:00:08.114,1.61367,1.61394,1.00,1.00
2017.08.22 10:00:08.572,1.61365,1.61394,1.00,1.00
2017.08.22 10:00:08.624,1.61365,1.61394,1.00,1.69
2017.08.22 10:00:09.136,1.61364,1.61393,1.00,1.12
2017.08.22 10:00:09.440,1.61363,1.6139,1.00,1.87
2017.08.22 10:00:10.384,1.61362,1.61389,1.00,1.81
2017.08.22 10:00:11.224,1.61362,1.6139,1.00,2.25
2017.08.22 10:00:12.086,1.61362,1.6139,1.00,2.62
2017.08.22 10:00:12.693,1.61363,1.61389,1.00,1.56
2017.08.22 10:00:13.022,1.61365,1.6139,1.00,1.00
2017.08.22 10:00:13.608,1.61365,1.6139,1.00,2.81
2017.08.22 10:00:13.931,1.61363,1.6139,1.00,1.69
2017.08.22 10:00:14.480,1.61363,1.6139,1.00,2.81
2017.08.22 10:00:15.081,1.61363,1.6139,1.00,2.44
2017.08.22 10:00:15.132,1.61363,1.61388,1.00,1.00
2017.08.22 10:00:15.496,1.61359,1.61387,1.00,1.31
2017.08.22 10:00:16.179,1.61359,1.61385,1.00,1.50
2017.08.22 10:00:16.720,1.6136,1.61386,1.00,1.69
2017.08.22 10:00:17.639,1.61361,1.61387,1.00,1.87
2017.08.22 10:00:17.690,1.61363,1.61388,1.00,1.12
2017.08.22 10:00:18.218,1.61363,1.61389,1.00,2.44
2017.08.22 10:00:18.269,1.61363,1.61389,1.00,1.31
2017.08.22 10:00:18.799,1.61363,1.61389,1.00,2.06
2017.08.22 10:00:20.247,1.61363,1.61389,1.00,1.31
2017.08.22 10:00:22.327,1.6136,1.61387,1.00,1.00
2017.08.22 10:00:22.529,1.61361,1.61389,1.00,1.25
2017.08.22 10:00:23.078,1.61361,1.61389,1.31,1.00
2017.08.22 10:00:23.129,1.6136,1.61387,2.06,1.00
2017.08.22 10:00:23.433,1.6136,1.61387,1.25,1.00
2017.08.22 10:00:23.971,1.6136,1.61387,1.31,1.00
2017.08.22 10:00:24.206,1.6136,1.6138,1.00,1.00
2017.08.22 10:00:24.448,1.61351,1.61377,1.00,1.00
2017.08.22 10:00:24.499,1.61354,1.61379,1.19,1.69
2017.08.22 10:00:25.039,1.61354,1.61379,1.25,1.00
2017.08.22 10:00:25.318,1.61356,1.61382,1.00,1.31
2017.08.22 10:00:25.723,1.61358,1.61383,1.00,1.56
2017.08.22 10:00:26.155,1.61356,1.61382,1.00,1.25
2017.08.22 10:00:26.308,1.61355,1.6138,1.00,1.00
2017.08.22 10:00:26.618,1.61352,1.6138,1.00,1.94
2017.08.22 10:00:26.977,1.61349,1.61376,1.00,1.25
2017.08.22 10:00:27.029,1.61349,1.61376,1.00,2.44
2017.08.22 10:00:27.231,1.61349,1.61376,1.00,1.62
2017.08.22 10:00:27.333,1.61347,1.61376,1.25,1.56
2017.08.22 10:00:27.847,1.61347,1.61376,1.00,1.31
2017.08.22 10:00:28.062,1.61347,1.61375,1.00,1.88
2017.08.22 10:00:28.113,1.61345,1.61372,1.00,1.25
2017.08.22 10:00:29.195,1.61345,1.61374,1.00,2.06
2017.08.22 10:00:29.499,1.61345,1.61372,1.00,1.31
2017.08.22 10:00:29.651,1.61338,1.61366,1.00,1.00
2017.08.22 10:00:29.753,1.6134,1.61367,1.00,1.00
2017.08.22 10:00:30.651,1.61338,1.61367,1.00,1.25
2017.08.22 10:00:30.803,1.61338,1.61365,1.00,1.00
2017.08.22 10:00:31.269,1.61341,1.61368,1.00,1.25
2017.08.22 10:00:32.036,1.61338,1.61369,1.25,1.69
2017.08.22 10:00:32.138,1.61337,1.61365,1.00,1.00
2017.08.22 10:00:32.451,1.61337,1.61364,1.00,1.44
2017.08.22 10:00:32.654,1.61334,1.61361,1.25,1.00
2017.08.22 10:00:32.885,1.61335,1.61365,1.00,1.37
2017.08.22 10:00:33.250,1.61334,1.61359,1.00,1.00
2017.08.22 10:00:33.596,1.61332,1.6136,1.00,1.00
2017.08.22 10:00:34.281,1.61333,1.61362,1.00,2.06
2017.08.22 10:00:34.333,1.61331,1.61359,1.50,1.00
2017.08.22 10:00:34.651,1.61329,1.61357,1.25,1.00
2017.08.22 10:00:38.660,1.61326,1.61357,1.00,1.00
2017.08.22 10:00:38.711,1.61326,1.61355,1.00,1.00
2017.08.22 10:00:39.015,1.61319,1.61348,1.00,1.00
2017.08.22 10:00:39.317,1.61322,1.61351,1.00,2.06
2017.08.22 10:00:39.972,1.61322,1.61352,1.00,2.06
2017.08.22 10:00:40.503,1.61322,1.61351,1.00,1.31
2017.08.22 10:00:41.160,1.61322,1.61352,1.00,2.06
2017.08.22 10:00:41.945,1.61322,1.61351,1.00,1.31
2017.08.22 10:00:42.247,1.6133,1.61358,1.00,1.25
2017.08.22 10:00:42.784,1.6133,1.61357,1.00,1.00
2017.08.22 10:00:43.557,1.6133,1.61359,1.00,1.31
2017.08.22 10:00:43.659,1.61328,1.6136,1.00,2.25
2017.08.22 10:00:43.710,1.61324,1.61352,1.00,1.25
2017.08.22 10:00:44.268,1.61327,1.61355,1.00,1.25
2017.08.22 10:00:44.573,1.61327,1.61356,1.88,1.25
2017.08.22 10:00:44.922,1.61331,1.61358,1.00,1.69
2017.08.22 10:00:45.336,1.6133,1.61357,1.00,1.44
2017.08.22 10:00:45.874,1.6133,1.61357,1.00,1.25
2017.08.22 10:00:47.750,1.61328,1.61354,1.00,1.00
2017.08.22 10:00:48.487,1.61325,1.61352,1.69,1.00
2017.08.22 10:00:48.791,1.61322,1.61347,1.00,1.00
2017.08.22 10:00:49.296,1.61322,1.61346,1.00,1.00
2017.08.22 10:00:49.347,1.61319,1.61346,1.19,1.50
2017.08.22 10:00:49.398,1.61318,1.61343,1.00,1.00
2017.08.22 10:00:49.535,1.61314,1.61342,1.50,1.00
2017.08.22 10:00:49.586,1.61316,1.61344,1.00,1.50
2017.08.22 10:00:49.890,1.61315,1.6134,1.25,1.00
2017.08.22 10:00:52.222,1.61317,1.61344,1.00,1.00
2017.08.22 10:00:53.210,1.61316,1.61344,1.00,1.00
2017.08.22 10:00:53.681,1.61318,1.61346,1.00,1.00
2017.08.22 10:00:53.834,1.6132,1.61349,1.00,1.00
2017.08.22 10:00:54.290,1.61323,1.61351,1.00,1.00
2017.08.22 10:00:54.898,1.61323,1.6135,1.00,1.12
2017.08.22 10:00:55.231,1.61325,1.61352,1.00,1.00
2017.08.22 10:00:55.737,1.61326,1.61353,1.50,1.00
2017.08.22 10:00:56.283,1.61327,1.61353,1.00,1.00
2017.08.22 10:00:56.486,1.61329,1.61357,1.25,1.00
2017.08.22 10:00:57.033,1.61328,1.61356,1.50,1.25
2017.08.22 10:00:57.404,1.61331,1.61357,1.00,1.50
2017.08.22 10:00:57.910,1.6133,1.61358,1.00,1.69
2017.08.22 10:00:58.666,1.6133,1.61359,1.00,1.69
2017.08.22 10:00:58.969,1.61327,1.61356,1.00,1.50
2017.08.22 10:00:59.818,1.61326,1.61355,1.00,1.00
2017.08.22 10:01:00.326,1.61327,1.61355,1.00,1.50
2017.08.22 10:01:00.631,1.61326,1.61351,1.00,1.00
2017.08.22 10:01:01.462,1.61326,1.61353,1.00,1.00
2017.08.22 10:01:02.060,1.61325,1.61352,1.00,1.00
2017.08.22 10:01:02.498,1.61332,1.61354,1.00,1.00
2017.08.22 10:01:02.549,1.61329,1.61353,1.00,1.00
2017.08.22 10:01:02.687,1.61326,1.61351,1.25,1.00
2017.08.22 10:01:03.533,1.61328,1.61353,1.00,1.00
2017.08.22 10:01:07.935,1.61328,1.61355,1.00,1.50
2017.08.22 10:01:11.593,1.61328,1.61355,1.44,1.00
2017.08.22 10:01:11.695,1.61336,1.61361,1.00,1.87
2017.08.22 10:01:11.797,1.61338,1.61365,1.00,1.56
2017.08.22 10:01:11.849,1.61341,1.61369,1.25,1.12
2017.08.22 10:01:11.900,1.61338,1.61366,1.25,1.00
2017.08.22 10:01:12.533,1.6134,1.61368,1.00,1.00
2017.08.22 10:01:12.990,1.61342,1.6137,1.25,1.00
2017.08.22 10:01:13.293,1.6134,1.61366,1.00,1.00
2017.08.22 10:01:13.892,1.6134,1.61366,1.44,1.00
2017.08.22 10:01:13.943,1.61344,1.6137,1.00,1.00
2017.08.22 10:01:14.840,1.61345,1.6137,1.00,1.00
2017.08.22 10:01:14.941,1.61355,1.61382,1.00,2.44
2017.08.22 10:01:15.043,1.61357,1.61384,1.00,1.00
2017.08.22 10:01:15.713,1.61357,1.61385,1.25,1.12
2017.08.22 10:01:17.180,1.61355,1.61381,1.00,1.00
2017.08.22 10:01:17.486,1.61352,1.61379,1.44,1.00
2017.08.22 10:01:17.536,1.61356,1.61382,1.00,1.50
2017.08.22 10:01:18.286,1.61357,1.61383,1.00,1.00
2017.08.22 10:01:18.730,1.61354,1.61383,1.37,1.50
2017.08.22 10:01:19.277,1.61354,1.61383,1.25,1.00
2017.08.22 10:01:20.024,1.61358,1.61384,1.00,1.00
2017.08.22 10:01:20.560,1.61355,1.61382,1.44,1.00
2017.08.22 10:01:21.108,1.61355,1.61382,1.25,1.00
2017.08.22 10:01:21.411,1.6136,1.61386,1.00,1.00
2017.08.22 10:01:21.933,1.61361,1.61387,1.25,1.00
2017.08.22 10:01:22.338,1.61359,1.61382,1.19,1.00
2017.08.22 10:01:22.389,1.61357,1.6138,1.00,1.00
2017.08.22 10:01:23.421,1.61358,1.61381,1.00,1.00
2017.08.22 10:01:23.983,1.61358,1.61382,1.00,1.00
2017.08.22 10:01:24.238,1.61356,1.61381,1.00,1.00
2017.08.22 10:01:26.454,1.61355,1.6138,1.12,1.00
2017.08.22 10:01:27.483,1.61356,1.61381,1.00,1.00
2017.08.22 10:01:28.377,1.61358,1.61381,1.00,1.00
2017.08.22 10:01:30.011,1.61359,1.61385,1.25,1.00
2017.08.22 10:01:30.694,1.6136,1.61386,1.44,1.00
2017.08.22 10:01:31.222,1.6136,1.61385,1.00,1.00
2017.08.22 10:01:31.739,1.6136,1.61384,1.00,1.00
2017.08.22 10:01:32.261,1.6136,1.61383,1.00,1.00
2017.08.22 10:01:32.808,1.61357,1.61384,1.44,1.50
2017.08.22 10:01:32.859,1.61357,1.61383,1.25,1.00
2017.08.22 10:01:33.011,1.61358,1.61381,1.00,1.00
2017.08.22 10:01:33.799,1.61355,1.61381,1.19,1.00
2017.08.22 10:01:34.640,1.61359,1.61382,1.00,1.00
2017.08.22 10:01:34.945,1.61366,1.61389,1.00,1.00
2017.08.22 10:01:35.591,1.61364,1.61387,1.00,1.00
2017.08.22 10:01:36.313,1.61365,1.6139,1.00,1.00
2017.08.22 10:01:39.287,1.61364,1.61389,1.00,1.00
2017.08.22 10:01:39.426,1.61362,1.61388,1.00,1.00
2017.08.22 10:01:40.307,1.61363,1.61389,1.00,1.00
2017.08.22 10:01:41.415,1.61363,1.61387,1.00,1.00
2017.08.22 10:01:42.445,1.61364,1.61388,1.00,1.00
2017.08.22 10:01:43.279,1.61365,1.61388,1.00,1.00
2017.08.22 10:01:43.610,1.61372,1.61394,1.00,1.00
2017.08.22 10:01:44.141,1.61372,1.61395,1.00,1.00
2017.08.22 10:01:47.113,1.61372,1.61396,1.00,1.00
2017.08.22 10:01:48.085,1.61374,1.61398,1.00,1.00
2017.08.22 10:01:48.661,1.61371,1.61393,1.25,1.00
2017.08.22 10:01:49.116,1.61371,1.61396,1.00,1.00
2017.08.22 10:01:50.743,1.61373,1.61395,1.00,1.00
2017.08.22 10:01:53.338,1.61374,1.61398,1.00,1.00
2017.08.22 10:01:53.389,1.61379,1.61403,1.00,1.75
2017.08.22 10:01:53.440,1.61372,1.61396,1.19,1.00
2017.08.22 10:01:53.491,1.6137,1.6139,2.25,1.00
2017.08.22 10:01:53.542,1.61367,1.6139,1.25,1.00
2017.08.22 10:01:53.593,1.61364,1.61386,1.87,1.00
2017.08.22 10:01:53.644,1.61361,1.61386,1.87,1.00
2017.08.22 10:01:53.694,1.61366,1.61389,1.00,1.00
2017.08.22 10:01:54.241,1.61361,1.61385,1.19,1.00
2017.08.22 10:01:54.646,1.61362,1.61387,1.00,1.00
2017.08.22 10:01:55.102,1.61365,1.61387,1.00,1.00
2017.08.22 10:01:57.516,1.61362,1.61386,1.44,1.00
2017.08.22 10:01:58.306,1.61362,1.61386,1.25,1.00
2017.08.22 10:01:58.361,1.6136,1.61383,1.25,1.00
2017.08.22 10:01:59.383,1.61361,1.61383,1.00,1.00
2017.08.22 10:02:00.385,1.6136,1.61382,1.00,1.00
2017.08.22 10:02:00.856,1.61356,1.61378,1.25,1.00
2017.08.22 10:02:01.388,1.61359,1.61381,1.00,1.00
2017.08.22 10:02:01.491,1.61356,1.6138,1.62,1.00
2017.08.22 10:02:01.745,1.61358,1.61382,1.25,1.00
2017.08.22 10:02:02.511,1.61358,1.61382,1.44,1.00
2017.08.22 10:02:03.053,1.61358,1.61382,1.25,1.00
2017.08.22 10:02:04.070,1.61359,1.61382,1.00,1.00
2017.08.22 10:02:04.618,1.61358,1.61382,1.25,1.00
2017.08.22 10:02:05.722,1.61357,1.61381,1.25,1.00
2017.08.22 10:02:08.585,1.61357,1.61381,1.44,1.00
2017.08.22 10:02:08.788,1.61356,1.6138,1.12,1.00
2017.08.22 10:02:09.193,1.61358,1.6138,1.00,1.00
2017.08.22 10:02:09.588,1.61357,1.61382,1.25,1.00
2017.08.22 10:02:10.103,1.61358,1.61382,1.00,1.00
2017.08.22 10:02:10.672,1.61357,1.61382,1.25,1.00
2017.08.22 10:02:11.919,1.61361,1.61383,1.00,1.00
2017.08.22 10:02:13.440,1.6136,1.61382,1.12,1.00
2017.08.22 10:02:13.807,1.6136,1.61382,1.19,1.00
2017.08.22 10:02:14.946,1.6136,1.61382,1.19,1.00
2017.08.22 10:02:16.487,1.61358,1.61382,1.62,1.00
2017.08.22 10:02:16.992,1.61358,1.61382,1.44,1.00
2017.08.22 10:02:17.900,1.6136,1.61384,1.00,1.00
2017.08.22 10:02:18.102,1.61359,1.61381,1.25,1.00
2017.08.22 10:02:19.125,1.61358,1.6138,1.00,1.00
2017.08.22 10:02:19.430,1.6136,1.61382,1.00,1.00
2017.08.22 10:02:20.185,1.6136,1.61383,1.25,1.00
2017.08.22 10:02:21.564,1.61361,1.61386,1.00,1.00
2017.08.22 10:02:21.614,1.6136,1.61383,1.00,1.00
2017.08.22 10:02:21.868,1.61358,1.61383,1.25,1.00
2017.08.22 10:02:22.814,1.61358,1.61381,1.00,1.00
2017.08.22 10:02:25.632,1.61357,1.6138,1.00,1.00
2017.08.22 10:02:25.865,1.61355,1.6138,1.25,1.00
2017.08.22 10:02:27.558,1.61354,1.61379,1.44,1.00
2017.08.22 10:02:27.985,1.61354,1.61377,1.25,1.00
2017.08.22 10:02:28.036,1.61351,1.61376,1.12,1.00
2017.08.22 10:02:29.033,1.61351,1.61374,1.00,1.00
2017.08.22 10:02:34.818,1.61355,1.61378,1.44,1.00
2017.08.22 10:02:34.970,1.61356,1.61381,1.25,1.00
2017.08.22 10:02:35.123,1.61354,1.61379,1.25,1.00
2017.08.22 10:02:37.310,1.61354,1.61378,1.00,1.00
2017.08.22 10:02:39.537,1.61355,1.61378,1.00,1.00
2017.08.22 10:02:39.874,1.61358,1.6138,1.00,1.00
2017.08.22 10:02:40.446,1.61357,1.6138,1.25,1.00
2017.08.22 10:02:40.548,1.61353,1.61378,1.00,1.00
2017.08.22 10:02:41.084,1.61352,1.61374,1.25,1.00
2017.08.22 10:02:42.124,1.61351,1.61374,1.00,1.00
2017.08.22 10:02:42.226,1.61352,1.61377,1.00,1.00
2017.08.22 10:02:42.328,1.61354,1.61378,1.00,1.00
2017.08.22 10:02:43.129,1.61353,1.61376,1.00,1.00
2017.08.22 10:02:44.123,1.61354,1.61377,1.50,1.00
2017.08.22 10:02:44.226,1.61355,1.61383,1.19,1.50
2017.08.22 10:02:44.277,1.61365,1.61381,1.00,1.00
2017.08.22 10:02:44.379,1.6136,1.61378,1.00,1.00
2017.08.22 10:02:44.481,1.61358,1.61378,1.00,1.00
2017.08.22 10:02:44.984,1.61357,1.61378,1.00,1.00
2017.08.22 10:02:45.493,1.61358,1.61379,1.00,1.00
2017.08.22 10:02:46.344,1.61356,1.61379,1.00,1.00
2017.08.22 10:02:46.881,1.61355,1.61379,1.00,1.00
2017.08.22 10:02:47.411,1.61356,1.61379,1.00,1.00
2017.08.22 10:02:47.659,1.61356,1.61377,1.00,1.00
2017.08.22 10:02:48.153,1.61354,1.61377,1.50,1.00
2017.08.22 10:02:48.677,1.61355,1.61377,1.00,1.00
2017.08.22 10:02:49.020,1.61355,1.61373,1.00,1.00
2017.08.22 10:02:49.122,1.61352,1.61373,1.00,1.00
2017.08.22 10:02:49.173,1.6135,1.61373,1.00,1.00
2017.08.22 10:02:49.700,1.6135,1.61374,1.00,1.00
2017.08.22 10:02:50.632,1.6135,1.61376,1.00,1.00
2017.08.22 10:02:51.396,1.6135,1.61374,1.00,1.00
2017.08.22 10:02:51.910,1.61349,1.61374,1.69,1.00
2017.08.22 10:02:52.416,1.61349,1.61373,1.50,1.00
2017.08.22 10:02:52.871,1.61351,1.61373,1.00,1.00
2017.08.22 10:02:53.400,1.61352,1.61372,1.00,1.00
2017.08.22 10:02:53.719,1.6135,1.61372,1.00,1.00
2017.08.22 10:02:54.050,1.61348,1.61372,1.00,1.00
2017.08.22 10:02:54.103,1.61348,1.61369,1.00,1.00
2017.08.22 10:02:54.741,1.61347,1.61369,1.00,1.00
2017.08.22 10:02:55.431,1.61346,1.61369,1.00,1.00
2017.08.22 10:02:55.886,1.61346,1.61367,1.00,1.00
2017.08.22 10:02:56.501,1.61347,1.61367,1.00,1.00
2017.08.22 10:02:57.084,1.61346,1.61369,1.00,1.00
2017.08.22 10:02:57.316,1.61347,1.61367,1.00,1.00
2017.08.22 10:02:57.638,1.61347,1.61369,1.00,1.00
2017.08.22 10:02:59.209,1.61346,1.61369,1.00,1.00
2017.08.22 10:02:59.556,1.61346,1.61371,1.50,1.00
2017.08.22 10:02:59.607,1.61348,1.61373,1.87,1.00
2017.08.22 10:02:59.912,1.61347,1.61369,1.00,1.00
2017.08.22 10:03:00.599,1.61348,1.61369,1.00,1.00
2017.08.22 10:03:01.552,1.61347,1.61369,1.00,1.00
2017.08.22 10:03:02.305,1.61346,1.61369,1.50,1.00
2017.08.22 10:03:02.713,1.61348,1.61369,1.00,1.00
2017.08.22 10:03:03.234,1.61347,1.61369,1.00,1.00
2017.08.22 10:03:03.539,1.61347,1.61366,1.00,1.00
2017.08.22 10:03:03.590,1.61345,1.61366,1.00,1.00
2017.08.22 10:03:03.641,1.61343,1.61363,1.00,1.00
2017.08.22 10:03:03.692,1.61341,1.61362,1.00,1.00
2017.08.22 10:03:03.946,1.61338,1.61361,1.00,1.00
2017.08.22 10:03:04.324,1.6135,1.61372,1.25,1.00
2017.08.22 10:03:04.477,1.61354,1.61377,1.00,1.00
2017.08.22 10:03:06.637,1.61356,1.61381,1.25,1.00
2017.08.22 10:03:06.688,1.61361,1.61382,1.00,1.00
2017.08.22 10:03:06.817,1.61362,1.61387,1.00,1.00
2017.08.22 10:03:06.918,1.61364,1.61387,1.00,1.00
2017.08.22 10:03:07.227,1.61361,1.61384,1.00,1.00
2017.08.22 10:03:07.682,1.61361,1.61386,1.44,1.00
2017.08.22 10:03:08.058,1.61361,1.61384,1.00,1.00
2017.08.22 10:03:08.444,1.61364,1.61384,1.00,1.00
2017.08.22 10:03:08.647,1.61362,1.61384,1.00,1.00
2017.08.22 10:03:08.698,1.61359,1.61381,1.00,1.00
2017.08.22 10:03:09.205,1.6136,1.61381,1.00,1.00
2017.08.22 10:03:09.743,1.61359,1.61381,1.00,1.00
2017.08.22 10:03:10.127,1.61359,1.61383,1.50,1.00
2017.08.22 10:03:10.179,1.61362,1.61386,1.00,1.00
2017.08.22 10:03:11.138,1.61362,1.61384,1.00,1.00
2017.08.22 10:03:11.744,1.61361,1.61384,1.50,1.00
2017.08.22 10:03:12.685,1.61362,1.61385,1.50,1.00
2017.08.22 10:03:13.211,1.61361,1.61384,1.00,1.00
2017.08.22 10:03:13.818,1.61362,1.61385,1.00,1.00
2017.08.22 10:03:14.535,1.61367,1.6139,1.00,1.00
2017.08.22 10:03:15.072,1.61365,1.61389,2.25,1.00
2017.08.22 10:03:15.615,1.61365,1.61388,2.06,1.00
2017.08.22 10:03:16.627,1.61368,1.61391,1.00,1.00
2017.08.22 10:03:16.999,1.61366,1.61389,1.87,1.00
2017.08.22 10:03:17.426,1.61369,1.61391,1.00,1.00
2017.08.22 10:03:17.794,1.61367,1.61389,1.50,1.00
2017.08.22 10:03:17.946,1.61364,1.61388,1.00,1.00
2017.08.22 10:03:18.098,1.61365,1.61385,1.00,1.00
2017.08.22 10:03:18.554,1.61365,1.61388,1.69,1.00
2017.08.22 10:03:18.604,1.61369,1.61391,1.00,1.00
2017.08.22 10:03:18.898,1.61364,1.61387,1.00,1.00
2017.08.22 10:03:19.000,1.61366,1.6139,1.00,1.00
2017.08.22 10:03:19.356,1.61365,1.61388,1.31,1.00
2017.08.22 10:03:19.659,1.61365,1.61386,1.12,1.00
2017.08.22 10:03:20.122,1.61365,1.6139,1.50,1.00
2017.08.22 10:03:20.173,1.61367,1.61392,1.69,1.00
2017.08.22 10:03:20.696,1.61367,1.61392,2.25,1.00
2017.08.22 10:03:21.144,1.61368,1.6139,1.12,1.00
2017.08.22 10:03:21.692,1.61365,1.6139,1.87,1.00
2017.08.22 10:03:21.743,1.61364,1.61388,1.37,1.00
2017.08.22 10:03:22.277,1.61364,1.61388,1.12,1.00
2017.08.22 10:03:22.714,1.61368,1.61392,1.00,1.00
2017.08.22 10:03:22.765,1.61369,1.61394,1.25,1.00
2017.08.22 10:03:22.938,1.61369,1.61392,1.81,1.00
2017.08.22 10:03:23.091,1.61368,1.61392,1.00,1.00
2017.08.22 10:03:23.599,1.61368,1.61391,1.12,1.00
2017.08.22 10:03:24.247,1.61368,1.61392,1.00,1.00
2017.08.22 10:03:24.969,1.6137,1.61394,1.00,1.00
2017.08.22 10:03:25.273,1.6137,1.61392,1.00,1.00
2017.08.22 10:03:26.530,1.61368,1.61391,1.00,1.00
2017.08.22 10:03:26.631,1.61364,1.61386,1.50,1.00
2017.08.22 10:03:27.474,1.61365,1.61386,1.00,1.00
2017.08.22 10:03:27.584,1.61365,1.61388,1.00,1.00
2017.08.22 10:03:27.686,1.61363,1.61387,2.25,1.00
2017.08.22 10:03:28.406,1.61364,1.61387,1.00,1.00
2017.08.22 10:03:28.934,1.61363,1.61387,1.69,1.00
2017.08.22 10:03:29.467,1.61362,1.61387,2.81,1.00
2017.08.22 10:03:30.156,1.61363,1.61387,1.00,1.00
2017.08.22 10:03:30.849,1.61362,1.61387,2.25,1.00
2017.08.22 10:03:31.418,1.61363,1.61387,1.00,1.00
2017.08.22 10:03:31.673,1.61362,1.61385,1.00,1.00
2017.08.22 10:03:31.976,1.61361,1.61383,2.44,1.00
2017.08.22 10:03:32.524,1.61362,1.61383,1.00,1.00
2017.08.22 10:03:32.727,1.6136,1.61382,1.50,1.00
2017.08.22 10:03:32.829,1.61358,1.61381,1.00,1.00
2017.08.22 10:03:32.880,1.6136,1.61384,1.25,1.00
2017.08.22 10:03:33.057,1.61362,1.61384,1.00,1.00
2017.08.22 10:03:33.592,1.61361,1.61384,1.50,1.00
2017.08.22 10:03:34.110,1.61362,1.61385,1.00,1.00
2017.08.22 10:03:35.318,1.61361,1.61385,1.69,1.00
2017.08.22 10:03:35.914,1.61362,1.61385,1.00,1.00
2017.08.22 10:03:36.414,1.61363,1.61388,1.12,1.00
2017.08.22 10:03:36.566,1.61364,1.61383,1.50,1.00
2017.08.22 10:03:36.617,1.61362,1.61383,1.50,1.00
2017.08.22 10:03:36.820,1.6136,1.61383,1.00,1.00
2017.08.22 10:03:37.385,1.61361,1.61383,1.00,1.00
2017.08.22 10:03:38.906,1.6136,1.61383,2.25,1.00
2017.08.22 10:03:39.375,1.61363,1.61383,1.00,1.00
2017.08.22 10:03:39.902,1.61362,1.61383,1.00,1.00
2017.08.22 10:03:40.445,1.61361,1.61383,1.50,1.00
2017.08.22 10:03:42.705,1.61361,1.61384,1.50,1.00
2017.08.22 10:03:43.072,1.61359,1.61384,1.69,1.00
2017.08.22 10:03:43.938,1.6136,1.61382,1.00,1.00
2017.08.22 10:03:47.656,1.61357,1.61379,1.50,1.00
2017.08.22 10:03:48.184,1.61356,1.61379,1.00,1.00
2017.08.22 10:03:49.834,1.61354,1.61375,1.37,1.00
2017.08.22 10:03:49.885,1.61351,1.61375,1.50,1.00
2017.08.22 10:03:53.602,1.61352,1.61375,1.00,1.00
2017.08.22 10:03:54.252,1.61351,1.61375,2.06,1.00
2017.08.22 10:03:57.737,1.61353,1.61375,1.00,1.00
2017.08.22 10:03:58.730,1.61354,1.61378,1.00,1.00
2017.08.22 10:03:58.781,1.61356,1.61378,1.00,1.00
2017.08.22 10:04:03.144,1.61354,1.61377,1.87,1.00
2017.08.22 10:04:05.193,1.61354,1.61378,1.87,1.00
2017.08.22 10:04:06.406,1.61357,1.61381,1.00,1.00
2017.08.22 10:04:06.457,1.61358,1.61383,1.87,1.00
2017.08.22 10:04:06.609,1.61358,1.61383,2.62,1.00
2017.08.22 10:04:07.413,1.6136,1.61383,1.12,1.00
2017.08.22 10:04:08.202,1.6136,1.61383,1.37,1.00
2017.08.22 10:04:09.166,1.6136,1.61385,1.87,1.00
2017.08.22 10:04:09.681,1.6136,1.61385,1.12,1.00
2017.08.22 10:04:10.689,1.6136,1.61385,1.87,1.00
2017.08.22 10:04:11.904,1.6136,1.61385,1.87,1.00
2017.08.22 10:04:12.041,1.61362,1.61385,1.00,1.00
2017.08.22 10:04:12.788,1.61363,1.61387,1.00,1.00
2017.08.22 10:04:12.995,1.61365,1.61391,1.00,2.25
2017.08.22 10:04:15.037,1.61365,1.6139,1.00,1.00
2017.08.22 10:04:16.143,1.61366,1.61391,1.25,1.00
2017.08.22 10:04:16.194,1.61369,1.61391,1.00,1.00
2017.08.22 10:04:16.245,1.61367,1.61392,1.00,1.00
2017.08.22 10:04:16.295,1.61369,1.61394,1.00,1.00
2017.08.22 10:04:16.397,1.61366,1.61392,1.00,1.25
2017.08.22 10:04:18.230,1.61364,1.61391,1.12,1.00
2017.08.22 10:04:20.347,1.61365,1.61389,1.00,1.00
2017.08.22 10:04:20.715,1.61368,1.61392,1.00,1.25
2017.08.22 10:04:21.681,1.61368,1.61395,1.00,1.00
2017.08.22 10:04:22.201,1.61371,1.61397,1.00,1.25
2017.08.22 10:04:22.252,1.61371,1.61399,1.38,1.69
2017.08.22 10:04:22.715,1.61369,1.61397,1.31,1.25
2017.08.22 10:04:23.468,1.61369,1.61395,1.00,1.00
2017.08.22 10:04:26.177,1.61369,1.61394,1.00,1.00
2017.08.22 10:04:27.796,1.6137,1.61395,1.00,1.25
2017.08.22 10:04:33.184,1.61367,1.61395,1.44,1.00
2017.08.22 10:04:33.755,1.61367,1.61395,1.00,1.00
2017.08.22 10:04:38.318,1.61369,1.61394,1.00,1.00
2017.08.22 10:04:39.755,1.61368,1.61396,1.13,1.25
2017.08.22 10:04:39.857,1.61373,1.614,1.00,1.00
2017.08.22 10:04:40.169,1.61386,1.61411,1.00,1.56
2017.08.22 10:04:40.423,1.61381,1.61406,1.00,1.00
2017.08.22 10:04:40.524,1.61381,1.61405,1.00,1.31
2017.08.22 10:04:40.828,1.61381,1.61406,1.00,1.25
2017.08.22 10:04:41.352,1.61381,1.61407,1.00,1.25
2017.08.22 10:04:41.858,1.61381,1.61406,1.00,1.25
2017.08.22 10:04:42.409,1.6138,1.61406,1.00,1.25
2017.08.22 10:04:42.874,1.61382,1.61406,1.00,1.00
2017.08.22 10:04:43.863,1.6138,1.61406,1.00,1.25
2017.08.22 10:04:43.964,1.61379,1.61404,1.00,1.50
2017.08.22 10:04:44.248,1.61358,1.61386,1.00,1.69
2017.08.22 10:04:44.805,1.61358,1.61386,1.00,1.50
2017.08.22 10:04:45.062,1.6136,1.61386,1.00,1.25
2017.08.22 10:04:46.796,1.61359,1.61384,1.00,1.00
2017.08.22 10:04:46.948,1.61357,1.61384,1.00,1.25
2017.08.22 10:04:47.151,1.6136,1.61386,1.00,1.19
2017.08.22 10:04:47.669,1.6136,1.61386,1.00,1.00
2017.08.22 10:04:48.175,1.61359,1.61385,1.00,1.00
2017.08.22 10:04:48.961,1.61358,1.61384,1.00,1.00
2017.08.22 10:04:52.006,1.61359,1.61384,1.00,1.00
2017.08.22 10:04:52.523,1.61357,1.61384,1.00,1.25
2017.08.22 10:04:52.926,1.61358,1.61386,1.25,1.25
2017.08.22 10:04:53.027,1.61357,1.61384,1.25,1.00
2017.08.22 10:04:54.013,1.61358,1.61385,1.00,1.00
2017.08.22 10:04:54.550,1.61359,1.61386,1.25,1.00
2017.08.22 10:04:55.195,1.6136,1.61386,1.00,1.25
2017.08.22 10:04:55.512,1.61373,1.61398,1.00,1.25
2017.08.22 10:04:56.019,1.61373,1.61397,1.00,1.25
2017.08.22 10:04:56.555,1.61372,1.61397,1.00,1.25
2017.08.22 10:04:57.098,1.61372,1.61398,1.00,1.50
2017.08.22 10:04:57.614,1.61369,1.61396,1.00,1.00
2017.08.22 10:04:57.743,1.61371,1.61397,1.12,1.00
2017.08.22 10:04:58.047,1.61374,1.61399,1.00,1.00
2017.08.22 10:04:58.779,1.61372,1.61399,1.00,2.44
2017.08.22 10:04:58.830,1.61371,1.61397,1.00,1.00
2017.08.22 10:04:58.882,1.61368,1.61396,1.00,1.00
2017.08.22 10:04:59.010,1.61366,1.61394,1.25,1.69
2017.08.22 10:04:59.316,1.61365,1.6139,1.00,1.00
2017.08.22 10:04:59.671,1.61376,1.6139,1.00,1.00
2017.08.22 10:04:59.723,1.61374,1.61399,1.00,1.00
2017.08.22 10:04:59.825,1.61372,1.61397,1.00,1.00
2017.08.22 10:05:00.154,1.61378,1.61403,1.00,1.00
2017.08.22 10:05:00.459,1.61378,1.61401,1.00,1.00
2017.08.22 10:05:00.561,1.61378,1.61403,1.00,1.00
2017.08.22 10:05:01.074,1.61373,1.614,1.12,1.25
2017.08.22 10:05:01.125,1.61375,1.614,1.00,1.00
2017.08.22 10:05:01.278,1.61376,1.61403,1.25,1.50
2017.08.22 10:05:02.271,1.61376,1.61402,1.00,1.00
2017.08.22 10:05:02.474,1.61376,1.61404,1.25,1.25
2017.08.22 10:05:02.828,1.6138,1.61405,1.00,1.50
2017.08.22 10:05:02.879,1.61378,1.61404,1.00,1.25
2017.08.22 10:05:03.545,1.61378,1.61404,1.00,1.44
2017.08.22 10:05:04.063,1.61377,1.61402,1.00,1.00
2017.08.22 10:05:04.617,1.61378,1.61404,1.00,1.50
2017.08.22 10:05:04.668,1.61381,1.61406,1.44,1.00
2017.08.22 10:05:04.821,1.61383,1.61408,1.00,1.25
2017.08.22 10:05:04.922,1.61383,1.61408,1.00,1.38
2017.08.22 10:05:05.075,1.61383,1.61408,1.00,1.25
2017.08.22 10:05:05.381,1.61379,1.61404,1.00,1.00
2017.08.22 10:05:06.653,1.61379,1.61406,1.00,1.00
2017.08.22 10:05:09.074,1.61379,1.61404,1.00,1.00
2017.08.22 10:05:09.226,1.61376,1.61403,1.56,1.00
2017.08.22 10:05:09.806,1.61376,1.61403,1.13,1.00
2017.08.22 10:05:10.334,1.61377,1.61404,1.00,1.00
2017.08.22 10:05:10.385,1.61377,1.61402,1.00,1.00
2017.08.22 10:05:11.356,1.61377,1.61404,1.13,1.00
2017.08.22 10:05:12.392,1.61378,1.61404,1.00,1.00
2017.08.22 10:05:13.352,1.61378,1.61403,1.00,1.00
2017.08.22 10:05:15.336,1.61376,1.61404,1.44,1.25
2017.08.22 10:05:16.029,1.61376,1.61404,1.38,1.25
2017.08.22 10:05:16.185,1.61376,1.61404,1.25,1.25
2017.08.22 10:05:16.387,1.61376,1.61403,1.19,1.00
2017.08.22 10:05:16.438,1.61376,1.61403,1.00,1.00
2017.08.22 10:05:17.264,1.61376,1.61403,1.38,1.00
2017.08.22 10:05:17.822,1.61377,1.61404,1.44,1.00
2017.08.22 10:05:19.480,1.61379,1.61407,1.25,1.00
2017.08.22 10:05:19.530,1.61381,1.61407,1.00,1.00
2017.08.22 10:05:21.957,1.61386,1.61411,1.00,1.25
2017.08.22 10:05:23.358,1.61386,1.61412,1.00,1.50
2017.08.22 10:05:23.889,1.61382,1.61407,1.00,1.00
2017.08.22 10:05:24.397,1.61384,1.6141,1.25,1.00
2017.08.22 10:05:24.448,1.61384,1.61412,1.25,2.81
2017.08.22 10:05:24.500,1.61387,1.61412,1.00,1.25
2017.08.22 10:05:24.848,1.61389,1.61413,1.00,1.31
2017.08.22 10:05:25.051,1.61386,1.61413,1.25,1.31
2017.08.22 10:05:25.726,1.61386,1.61413,1.00,1.25
2017.08.22 10:05:26.253,1.61386,1.61414,1.00,1.00
2017.08.22 10:05:27.964,1.6139,1.61415,1.00,1.50
2017.08.22 10:05:28.468,1.61385,1.61413,1.19,1.00
2017.08.22 10:05:28.519,1.61385,1.61413,1.25,1.69
2017.08.22 10:05:29.052,1.61383,1.6141,1.31,1.00
2017.08.22 10:05:29.103,1.61383,1.6141,1.12,1.25
2017.08.22 10:05:30.265,1.61383,1.61408,1.00,1.00
2017.08.22 10:05:31.026,1.61382,1.61407,1.00,1.00
2017.08.22 10:05:32.357,1.61386,1.61411,1.00,1.50
2017.08.22 10:05:32.863,1.61387,1.61412,1.00,1.50
2017.08.22 10:05:33.286,1.61385,1.6141,1.00,1.00
2017.08.22 10:05:34.114,1.61384,1.61409,1.00,1.00
2017.08.22 10:05:34.657,1.61383,1.61408,1.00,1.00
2017.08.22 10:05:35.166,1.61384,1.61409,1.00,1.00
2017.08.22 10:05:35.797,1.61385,1.6141,1.00,1.00
2017.08.22 10:05:43.564,1.61386,1.61411,1.00,1.00
2017.08.22 10:05:44.471,1.61384,1.61411,1.00,1.50
2017.08.22 10:05:48.339,1.61387,1.61413,1.00,1.00
2017.08.22 10:05:51.404,1.61386,1.61412,1.00,1.25
2017.08.22 10:05:51.910,1.61383,1.61408,1.00,1.00
2017.08.22 10:05:52.265,1.6138,1.61406,1.00,1.00
2017.08.22 10:05:52.794,1.6138,1.61407,1.00,1.50
2017.08.22 10:05:53.232,1.6138,1.61405,1.00,1.00
2017.08.22 10:05:53.760,1.61377,1.61404,1.87,1.25
2017.08.22 10:05:56.849,1.61376,1.61401,1.00,1.00
2017.08.22 10:05:58.054,1.61377,1.61402,1.00,1.25
2017.08.22 10:05:59.000,1.61378,1.61403,1.00,1.00
2017.08.22 10:05:59.464,1.6138,1.61402,1.00,1.00
2017.08.22 10:05:59.516,1.6138,1.61404,1.00,1.25
2017.08.22 10:05:59.618,1.61381,1.61406,1.00,1.25
2017.08.22 10:06:00.588,1.61382,1.61407,1.00,1.25
2017.08.22 10:06:01.917,1.61381,1.61406,1.00,1.00
2017.08.22 10:06:03.396,1.6138,1.61405,1.00,1.00
2017.08.22 10:06:06.622,1.61379,1.61404,1.00,1.00
2017.08.22 10:06:06.673,1.61377,1.61404,1.00,1.00
2017.08.22 10:06:08.495,1.61378,1.61405,1.00,1.44
2017.08.22 10:06:09.065,1.61378,1.61405,1.00,1.00
2017.08.22 10:06:09.365,1.6138,1.61406,1.00,1.19
2017.08.22 10:06:09.786,1.61382,1.61407,1.00,1.00
2017.08.22 10:06:10.523,1.61382,1.61409,1.00,1.25
2017.08.22 10:06:10.990,1.61382,1.61407,1.00,1.00
2017.08.22 10:06:11.092,1.61382,1.61409,1.00,1.00
2017.08.22 10:06:11.815,1.61382,1.61409,1.00,1.44
2017.08.22 10:06:12.401,1.61381,1.61408,1.00,1.25
2017.08.22 10:06:13.004,1.61382,1.61408,1.00,1.25
2017.08.22 10:06:14.099,1.61383,1.61409,1.00,1.50
2017.08.22 10:06:14.518,1.61381,1.61406,1.00,1.00
2017.08.22 10:06:14.823,1.61385,1.61411,1.00,2.25
2017.08.22 10:06:15.126,1.61381,1.61406,1.00,1.50
2017.08.22 10:06:15.630,1.61381,1.61404,1.00,1.00
2017.08.22 10:06:15.891,1.61379,1.61405,1.00,1.25
2017.08.22 10:06:16.482,1.6138,1.61405,1.00,1.25
2017.08.22 10:06:16.792,1.61378,1.61403,1.25,1.00
2017.08.22 10:06:17.304,1.61378,1.61402,1.00,1.00
2017.08.22 10:06:18.406,1.61379,1.61402,1.00,1.00
2017.08.22 10:06:21.152,1.61379,1.61404,1.00,1.00
2017.08.22 10:06:21.692,1.61379,1.61403,1.00,1.00
2017.08.22 10:06:21.743,1.61376,1.61403,1.00,1.50
2017.08.22 10:06:25.879,1.61376,1.61402,1.00,1.00
2017.08.22 10:06:27.707,1.61376,1.61403,1.00,1.69
2017.08.22 10:06:28.573,1.61375,1.61402,1.25,1.00
2017.08.22 10:06:28.675,1.61375,1.61399,1.00,1.00
2017.08.22 10:06:29.125,1.61375,1.61401,1.00,1.00
2017.08.22 10:06:29.670,1.61376,1.61401,1.00,1.00
2017.08.22 10:06:30.176,1.61376,1.614,1.00,1.00
2017.08.22 10:06:31.440,1.61376,1.61401,1.00,1.00
2017.08.22 10:06:32.035,1.61376,1.614,1.00,1.00
2017.08.22 10:06:32.715,1.61376,1.61401,1.00,1.00
2017.08.22 10:06:33.273,1.61376,1.614,1.00,1.00
2017.08.22 10:06:33.861,1.61375,1.614,1.00,1.50
2017.08.22 10:06:37.496,1.61374,1.61399,1.00,1.00
2017.08.22 10:06:37.851,1.61372,1.61397,1.00,1.00
2017.08.22 10:06:38.507,1.6137,1.61397,1.25,1.00
2017.08.22 10:06:39.506,1.6137,1.61395,1.00,1.00
2017.08.22 10:06:43.076,1.6137,1.61398,1.00,1.69
2017.08.22 10:06:44.002,1.61372,1.61398,1.00,1.50
2017.08.22 10:06:44.257,1.61368,1.61395,1.00,1.25
2017.08.22 10:06:44.466,1.6137,1.61396,1.00,1.00
2017.08.22 10:06:44.871,1.61373,1.61399,1.00,1.69
2017.08.22 10:06:45.395,1.61373,1.61399,1.00,1.00
2017.08.22 10:06:46.378,1.61374,1.614,1.00,1.50
2017.08.22 10:06:46.910,1.61375,1.614,1.00,1.50
2017.08.22 10:06:47.471,1.61374,1.61399,1.00,1.00
2017.08.22 10:06:48.461,1.61373,1.61398,1.00,1.00
2017.08.22 10:06:50.961,1.61375,1.614,1.00,1.12
2017.08.22 10:06:51.280,1.61377,1.61402,1.00,1.00
2017.08.22 10:06:51.983,1.61375,1.61402,1.00,1.00
2017.08.22 10:06:54.865,1.61377,1.61402,1.00,1.00
2017.08.22 10:06:55.172,1.61379,1.61404,1.00,1.00
2017.08.22 10:06:58.112,1.61378,1.61403,1.00,1.00
2017.08.22 10:06:59.412,1.61378,1.61405,1.00,1.00
2017.08.22 10:07:00.274,1.61378,1.61403,1.00,1.00
2017.08.22 10:07:00.881,1.61378,1.61403,1.00,1.56
2017.08.22 10:07:01.441,1.61378,1.61403,1.00,1.87
2017.08.22 10:07:02.155,1.61378,1.61403,1.00,2.25
2017.08.22 10:07:02.692,1.61379,1.61404,1.00,2.62
2017.08.22 10:07:03.261,1.61379,1.61404,1.00,2.62
2017.08.22 10:07:03.761,1.61379,1.61406,1.00,1.12
2017.08.22 10:07:04.278,1.61382,1.61405,1.00,1.00
2017.08.22 10:07:04.785,1.61382,1.61406,1.00,1.00
2017.08.22 10:07:05.621,1.61382,1.61407,1.00,1.87
2017.08.22 10:07:06.128,1.61382,1.61407,1.00,1.00
2017.08.22 10:07:06.179,1.61384,1.61409,1.00,1.25
2017.08.22 10:07:06.483,1.61382,1.61408,1.00,2.44
2017.08.22 10:07:07.781,1.61382,1.61408,1.00,1.94
2017.08.22 10:07:08.666,1.61382,1.61407,1.00,1.56
2017.08.22 10:07:09.241,1.61382,1.61407,1.00,1.69
2017.08.22 10:07:09.535,1.61382,1.61407,1.00,1.19
2017.08.22 10:07:10.142,1.61382,1.61407,1.00,1.25
2017.08.22 10:07:10.762,1.61382,1.61407,1.00,1.31
2017.08.22 10:07:10.863,1.61384,1.6141,1.00,2.44
2017.08.22 10:07:10.992,1.61384,1.6141,1.00,2.06
2017.08.22 10:07:11.513,1.61384,1.6141,1.00,2.06
2017.08.22 10:07:12.054,1.61383,1.6141,1.00,2.06
2017.08.22 10:07:13.620,1.61383,1.6141,1.00,2.06
2017.08.22 10:07:14.230,1.61383,1.6141,1.00,2.06
2017.08.22 10:07:14.812,1.61383,1.6141,1.00,2.06
2017.08.22 10:07:16.570,1.61383,1.6141,1.00,2.06
2017.08.22 10:07:17.108,1.61383,1.6141,1.00,2.06
2017.08.22 10:07:17.728,1.61383,1.6141,1.00,1.56
2017.08.22 10:07:18.353,1.61383,1.6141,1.50,1.31
2017.08.22 10:07:18.861,1.61385,1.6141,1.00,1.31
2017.08.22 10:07:20.103,1.61385,1.6141,1.00,1.31
2017.08.22 10:07:20.609,1.61385,1.61408,1.00,1.25
2017.08.22 10:07:21.757,1.61386,1.61409,1.00,1.25
2017.08.22 10:07:22.061,1.61388,1.61413,1.00,1.69
2017.08.22 10:07:22.112,1.61388,1.61413,1.00,1.56
2017.08.22 10:07:22.370,1.61385,1.61408,1.69,1.00
2017.08.22 10:07:22.473,1.61382,1.61407,1.50,1.25
2017.08.22 10:07:23.307,1.61382,1.61407,1.00,1.31
2017.08.22 10:07:23.561,1.6138,1.61395,1.00,1.00
2017.08.22 10:07:23.612,1.61373,1.61392,1.00,1.00
2017.08.22 10:07:23.733,1.6137,1.61389,1.00,1.00
2017.08.22 10:07:23.784,1.61367,1.61389,1.00,1.00
2017.08.22 10:07:23.936,1.61365,1.61389,1.00,1.00
2017.08.22 10:07:24.442,1.61366,1.61389,1.00,1.00
2017.08.22 10:07:24.544,1.61368,1.6139,1.00,1.00
2017.08.22 10:07:25.073,1.6137,1.6139,1.00,1.00
2017.08.22 10:07:25.680,1.61369,1.6139,1.00,1.00
2017.08.22 10:07:26.000,1.61366,1.61385,1.00,1.00
2017.08.22 10:07:26.051,1.61363,1.61385,1.31,1.00
2017.08.22 10:07:26.153,1.61362,1.61384,1.00,1.00
2017.08.22 10:07:27.689,1.61361,1.61384,1.50,1.00
2017.08.22 10:07:28.276,1.61363,1.61384,1.00,1.00
2017.08.22 10:07:29.700,1.61361,1.61384,1.00,1.00
2017.08.22 10:07:29.750,1.6136,1.61382,1.00,1.00
2017.08.22 10:07:29.943,1.61358,1.61382,1.00,1.00
2017.08.22 10:07:30.506,1.6136,1.61383,1.00,1.00
2017.08.22 10:07:30.773,1.61358,1.61382,1.00,1.00
2017.08.22 10:07:31.373,1.61357,1.61382,1.69,1.00
2017.08.22 10:07:32.311,1.61359,1.61382,1.00,1.00
2017.08.22 10:07:33.538,1.61357,1.61382,1.69,1.00
2017.08.22 10:07:34.181,1.61359,1.61384,1.00,1.00
2017.08.22 10:07:34.487,1.61362,1.61384,1.00,1.00
2017.08.22 10:07:34.792,1.61363,1.61386,1.00,1.00
2017.08.22 10:07:34.994,1.61366,1.61389,1.00,1.00
2017.08.22 10:07:38.123,1.61365,1.61388,1.00,1.00
2017.08.22 10:07:39.506,1.61364,1.61387,1.00,1.00
2017.08.22 10:07:39.608,1.61362,1.61387,1.00,1.00
2017.08.22 10:07:40.159,1.61361,1.61386,1.00,1.00
2017.08.22 10:07:41.668,1.61362,1.61386,1.00,1.00
2017.08.22 10:07:43.209,1.61362,1.61387,1.50,1.00
2017.08.22 10:07:45.364,1.61362,1.61386,1.00,1.00
2017.08.22 10:07:47.162,1.61364,1.61387,1.00,1.00
2017.08.22 10:07:47.264,1.6137,1.61394,1.00,1.00
2017.08.22 10:07:47.366,1.61373,1.61396,1.00,1.25
2017.08.22 10:07:47.728,1.61375,1.61398,1.00,1.00
2017.08.22 10:07:48.335,1.61377,1.61399,1.00,1.00
2017.08.22 10:07:48.573,1.61375,1.61398,1.00,1.00
2017.08.22 10:07:50.413,1.61373,1.61398,1.00,1.00
2017.08.22 10:07:50.942,1.61372,1.61397,1.50,1.00
2017.08.22 10:07:51.441,1.61374,1.61397,1.00,1.00
2017.08.22 10:07:51.952,1.61372,1.61396,1.50,1.00
2017.08.22 10:07:52.280,1.61374,1.61397,1.00,1.00
2017.08.22 10:07:53.706,1.61374,1.61398,1.00,1.00
2017.08.22 10:07:55.445,1.61375,1.61399,1.00,1.00
2017.08.22 10:07:58.214,1.61375,1.61398,1.00,1.00
2017.08.22 10:07:59.171,1.61374,1.61398,1.00,1.00
2017.08.22 10:08:00.371,1.61373,1.61397,1.50,1.00
2017.08.22 10:08:00.878,1.61373,1.61396,1.00,1.00
2017.08.22 10:08:02.145,1.61374,1.61397,1.00,1.00
2017.08.22 10:08:04.705,1.61374,1.61399,1.50,1.25
2017.08.22 10:08:05.362,1.61375,1.61399,1.00,1.00
2017.08.22 10:08:05.695,1.61377,1.61399,1.00,1.00
2017.08.22 10:08:05.999,1.61379,1.61401,1.00,1.00
2017.08.22 10:08:06.303,1.61381,1.61403,1.00,1.00
2017.08.22 10:08:07.083,1.61379,1.61404,1.50,1.00
2017.08.22 10:08:10.948,1.61378,1.614,1.50,1.00
2017.08.22 10:08:11.050,1.6138,1.61404,1.50,1.00
2017.08.22 10:08:11.939,1.61379,1.61402,1.69,1.00
2017.08.22 10:08:12.285,1.61381,1.61403,1.00,1.00
2017.08.22 10:08:13.244,1.61382,1.61404,1.00,1.00
2017.08.22 10:08:14.259,1.61381,1.61406,1.00,1.31
2017.08.22 10:08:15.288,1.61381,1.61406,1.00,1.25
2017.08.22 10:08:15.670,1.61382,1.61404,1.00,1.00
2017.08.22 10:08:17.323,1.61383,1.61405,1.00,1.25
2017.08.22 10:08:17.374,1.61384,1.61408,1.00,1.25
2017.08.22 10:08:17.898,1.61384,1.61408,1.00,1.44
2017.08.22 10:08:18.496,1.61384,1.61408,1.00,1.25
2017.08.22 10:08:18.713,1.61384,1.61406,1.00,1.00
2017.08.22 10:08:19.310,1.61384,1.61406,1.00,1.38
2017.08.22 10:08:19.512,1.61384,1.61406,1.00,1.25
2017.08.22 10:08:22.423,1.61384,1.61406,1.00,1.19
2017.08.22 10:08:22.656,1.61385,1.61409,1.00,1.25
2017.08.22 10:08:22.810,1.61382,1.61406,1.50,1.25
2017.08.22 10:08:23.332,1.61382,1.61406,1.00,1.44
2017.08.22 10:08:23.836,1.61381,1.61405,1.00,1.00
2017.08.22 10:08:24.221,1.61381,1.61405,1.00,1.19
2017.08.22 10:08:24.272,1.61381,1.61405,1.00,1.00
2017.08.22 10:08:26.315,1.61381,1.61406,1.00,1.25
2017.08.22 10:08:28.169,1.61381,1.61406,1.00,1.19
2017.08.22 10:08:28.274,1.61383,1.61405,1.00,1.25
2017.08.22 10:08:28.804,1.61382,1.61404,1.00,1.00
2017.08.22 10:08:29.505,1.61381,1.61404,1.00,1.00
2017.08.22 10:08:30.407,1.61378,1.61401,1.50,1.00
2017.08.22 10:08:30.458,1.61375,1.614,1.69,1.00
2017.08.22 10:08:32.106,1.61378,1.614,1.00,1.00
2017.08.22 10:08:33.120,1.61377,1.614,1.00,1.00
2017.08.22 10:08:35.708,1.61375,1.614,1.00,1.00
2017.08.22 10:08:35.760,1.61372,1.61397,1.50,1.00
2017.08.22 10:08:36.394,1.61373,1.61397,1.00,1.00
2017.08.22 10:08:36.762,1.61373,1.61395,1.00,1.00
2017.08.22 10:08:37.178,1.61373,1.61397,1.00,1.00
2017.08.22 10:08:37.717,1.61372,1.61397,1.00,1.00
2017.08.22 10:08:37.769,1.61373,1.61395,1.00,1.00
2017.08.22 10:08:38.916,1.61372,1.61396,1.00,1.00
2017.08.22 10:08:39.492,1.61373,1.61396,1.00,1.00
2017.08.22 10:08:40.019,1.61373,1.61397,1.00,1.00
2017.08.22 10:08:40.684,1.61374,1.61397,1.00,1.00
2017.08.22 10:08:43.353,1.61375,1.61399,1.00,1.00
2017.08.22 10:08:43.943,1.61376,1.61401,1.00,1.25
2017.08.22 10:08:43.994,1.61376,1.61401,1.00,1.50
2017.08.22 10:08:44.045,1.61377,1.61401,1.00,1.25
2017.08.22 10:08:44.096,1.61379,1.61401,1.00,1.25
2017.08.22 10:08:46.624,1.61377,1.614,1.00,1.00
2017.08.22 10:08:47.137,1.61378,1.614,1.00,1.00
2017.08.22 10:08:49.073,1.61377,1.614,1.00,1.13
2017.08.22 10:08:49.611,1.61378,1.614,1.00,1.00
2017.08.22 10:08:50.199,1.61377,1.614,1.50,1.00
2017.08.22 10:08:50.719,1.61378,1.614,1.00,1.00
2017.08.22 10:08:51.570,1.61377,1.614,1.50,1.00
2017.08.22 10:08:52.173,1.61378,1.61401,1.00,1.00
2017.08.22 10:08:52.706,1.61377,1.61401,1.50,1.25
2017.08.22 10:08:53.467,1.61378,1.61401,1.00,1.00
2017.08.22 10:08:54.302,1.61379,1.61401,1.00,1.00
2017.08.22 10:08:55.766,1.61378,1.61401,1.00,1.00
2017.08.22 10:08:57.876,1.61379,1.61401,1.00,1.00
2017.08.22 10:08:58.033,1.61377,1.614,1.00,1.00
2017.08.22 10:08:58.669,1.61378,1.614,1.00,1.00
2017.08.22 10:08:59.610,1.61377,1.614,1.00,1.00
2017.08.22 10:09:00.287,1.61378,1.614,1.00,1.00
2017.08.22 10:09:00.643,1.61378,1.61398,1.00,1.00
2017.08.22 10:09:00.745,1.61376,1.61398,1.50,1.00
2017.08.22 10:09:01.249,1.61375,1.61397,1.50,1.00
2017.08.22 10:09:01.654,1.61375,1.61395,1.00,1.00
2017.08.22 10:09:02.258,1.61374,1.61395,1.00,1.00
2017.08.22 10:09:02.770,1.61375,1.61395,1.00,1.00
2017.08.22 10:09:02.873,1.61373,1.61394,1.50,1.00
2017.08.22 10:09:02.925,1.61371,1.61392,1.00,1.00
2017.08.22 10:09:03.452,1.61372,1.61393,1.00,1.00
2017.08.22 10:09:03.954,1.61372,1.61394,1.00,1.00
2017.08.22 10:09:04.753,1.61373,1.61394,1.00,1.00
2017.08.22 10:09:04.879,1.61371,1.61396,1.50,1.00
2017.08.22 10:09:05.469,1.61372,1.61396,1.00,1.00
2017.08.22 10:09:06.012,1.61371,1.61396,1.50,1.00
2017.08.22 10:09:06.715,1.61372,1.61396,1.00,1.00
2017.08.22 10:09:06.766,1.61371,1.61393,1.00,1.00
2017.08.22 10:09:07.306,1.6137,1.61393,1.00,1.00
2017.08.22 10:09:07.855,1.61369,1.61394,1.50,1.00
2017.08.22 10:09:08.292,1.61371,1.61394,1.00,1.00
2017.08.22 10:09:08.855,1.61371,1.61393,1.50,1.00
2017.08.22 10:09:13.875,1.61371,1.61394,1.00,1.00
2017.08.22 10:09:13.926,1.61371,1.61396,1.50,1.00
2017.08.22 10:09:14.079,1.61373,1.61396,1.00,1.00
2017.08.22 10:09:14.622,1.61374,1.61396,1.00,1.00
2017.08.22 10:09:15.230,1.61375,1.614,1.50,1.25
2017.08.22 10:09:15.945,1.61375,1.614,1.50,1.44
2017.08.22 10:09:16.449,1.61376,1.61399,1.50,1.00
2017.08.22 10:09:16.500,1.61378,1.614,1.00,1.00
2017.08.22 10:09:16.905,1.61379,1.61404,1.50,1.31
2017.08.22 10:09:17.006,1.61381,1.61404,1.00,1.25
2017.08.22 10:09:17.512,1.6138,1.61404,1.00,1.00
2017.08.22 10:09:17.934,1.61382,1.61404,1.00,1.00
2017.08.22 10:09:27.098,1.61382,1.61404,1.50,1.19
2017.08.22 10:09:27.674,1.61382,1.61404,1.50,1.00
2017.08.22 10:09:29.290,1.61382,1.61405,1.00,1.00
2017.08.22 10:09:29.824,1.61373,1.61394,1.00,1.00
2017.08.22 10:09:29.926,1.61366,1.61391,1.50,1.00
2017.08.22 10:09:30.932,1.61366,1.61391,1.50,1.50
2017.08.22 10:09:31.296,1.61364,1.61388,1.50,1.00
2017.08.22 10:09:32.118,1.61365,1.61388,1.00,1.00
2017.08.22 10:09:33.766,1.61365,1.61387,1.00,1.00
2017.08.22 10:09:34.428,1.6136,1.61378,1.00,1.00
2017.08.22 10:09:34.530,1.61346,1.61368,1.00,1.00
2017.08.22 10:09:34.631,1.61344,1.61368,1.00,1.25
2017.08.22 10:09:36.311,1.61351,1.61374,1.00,1.00
2017.08.22 10:09:36.615,1.6136,1.61383,1.50,1.00
2017.08.22 10:09:37.505,1.61362,1.61386,1.00,1.00
2017.08.22 10:09:38.719,1.61362,1.61385,1.00,1.00
2017.08.22 10:09:39.232,1.61361,1.61384,1.00,1.00
2017.08.22 10:09:39.787,1.61362,1.61384,1.00,1.00
2017.08.22 10:09:42.198,1.61359,1.61382,1.50,1.00
2017.08.22 10:09:43.177,1.6136,1.61382,1.00,1.00
2017.08.22 10:09:43.229,1.61365,1.61389,1.00,1.50
2017.08.22 10:09:43.583,1.61364,1.61387,1.00,1.00
2017.08.22 10:09:44.132,1.61363,1.61387,1.50,1.00
2017.08.22 10:09:44.639,1.61363,1.61386,1.00,1.00
2017.08.22 10:09:44.945,1.61361,1.61383,1.00,1.00
2017.08.22 10:09:45.204,1.61362,1.61385,1.50,1.00
2017.08.22 10:09:50.339,1.61363,1.61385,1.00,1.00
2017.08.22 10:09:50.856,1.61362,1.61385,1.50,1.00
2017.08.22 10:09:52.827,1.61363,1.61385,1.00,1.00
2017.08.22 10:09:53.335,1.61363,1.61386,1.50,1.00
2017.08.22 10:09:54.198,1.61363,1.61385,1.50,1.00
2017.08.22 10:09:55.002,1.61364,1.61387,1.00,1.00
2017.08.22 10:09:55.330,1.61366,1.61388,1.00,1.00
2017.08.22 10:09:55.734,1.61363,1.61385,1.00,1.00
2017.08.22 10:09:56.984,1.61362,1.61385,1.50,1.00
2017.08.22 10:09:57.318,1.61364,1.61385,1.00,1.00
2017.08.22 10:09:57.881,1.61363,1.61385,1.00,1.00
2017.08.22 10:09:58.228,1.6136,1.61384,1.00,1.00
2017.08.22 10:09:58.330,1.61363,1.61388,1.25,1.00
2017.08.22 10:09:58.381,1.61367,1.6139,1.50,1.00
2017.08.22 10:09:58.533,1.61364,1.61389,1.00,1.00
2017.08.22 10:09:58.634,1.61368,1.61391,1.00,1.00
2017.08.22 10:09:59.784,1.61365,1.61388,1.67,1.00
2017.08.22 10:09:59.886,1.61361,1.61385,1.50,1.00
2017.08.22 10:10:00.406,1.61358,1.61381,1.00,1.00
2017.08.22 10:10:00.659,1.61354,1.61379,1.17,1.00
2017.08.22 10:10:01.215,1.61354,1.61379,1.23,1.00
2017.08.22 10:10:01.468,1.61355,1.61377,1.00,1.00
2017.08.22 10:10:02.236,1.61356,1.61379,1.00,1.00
2017.08.22 10:10:02.573,1.61354,1.61377,1.00,1.00
2017.08.22 10:10:03.104,1.61353,1.61377,1.13,1.00
2017.08.22 10:10:03.448,1.61356,1.61379,1.00,1.00
2017.08.22 10:10:03.954,1.61357,1.6138,1.00,1.00
2017.08.22 10:10:08.436,1.61355,1.6138,1.50,1.00
2017.08.22 10:10:08.638,1.61358,1.61381,1.00,1.00
2017.08.22 10:10:08.968,1.61356,1.6138,1.25,1.00
2017.08.22 10:10:10.035,1.61355,1.6138,1.13,1.00
2017.08.22 10:10:10.543,1.61356,1.6138,1.00,1.00
2017.08.22 10:10:11.395,1.61358,1.61381,1.25,1.00
2017.08.22 10:10:11.701,1.61364,1.61387,1.00,1.00
2017.08.22 10:10:12.368,1.61363,1.61386,1.00,1.00
2017.08.22 10:10:12.912,1.61364,1.61387,1.00,1.00
2017.08.22 10:10:13.485,1.61362,1.61385,1.87,1.00
2017.08.22 10:10:14.824,1.61363,1.61385,1.00,1.00
2017.08.22 10:10:15.341,1.61362,1.61385,1.50,1.00
2017.08.22 10:10:16.191,1.61363,1.61385,1.00,1.00
2017.08.22 10:10:17.074,1.61362,1.61387,1.69,1.00
2017.08.22 10:10:17.206,1.61366,1.61388,1.50,1.00
2017.08.22 10:10:17.510,1.61362,1.61385,1.00,1.00
2017.08.22 10:10:18.408,1.61361,1.61385,2.25,1.00
2017.08.22 10:10:18.984,1.61362,1.61386,1.00,1.00
2017.08.22 10:10:20.353,1.61362,1.61387,1.00,1.00
2017.08.22 10:10:24.273,1.61362,1.61387,1.00,1.19
2017.08.22 10:10:24.839,1.61362,1.61387,1.50,1.00
2017.08.22 10:10:29.387,1.61363,1.61385,1.00,1.00
2017.08.22 10:10:35.802,1.61362,1.61385,1.00,1.00
2017.08.22 10:10:36.308,1.61361,1.61384,1.00,1.00
2017.08.22 10:10:38.703,1.61361,1.61386,1.50,1.00
2017.08.22 10:10:39.932,1.61361,1.61384,1.00,1.00
2017.08.22 10:10:40.438,1.6136,1.61383,1.50,1.00
2017.08.22 10:10:44.308,1.6136,1.61388,1.00,1.25
2017.08.22 10:10:44.911,1.6136,1.61388,1.00,1.44
2017.08.22 10:10:45.703,1.61361,1.61386,1.00,1.00
2017.08.22 10:10:46.456,1.6136,1.61386,1.50,1.00
2017.08.22 10:10:47.201,1.61361,1.61386,1.00,1.00
2017.08.22 10:10:48.917,1.61361,1.61387,1.00,1.00
2017.08.22 10:10:49.454,1.6136,1.61387,1.50,1.00
2017.08.22 10:10:49.994,1.61361,1.61387,1.00,1.00
2017.08.22 10:10:51.424,1.6136,1.61387,1.50,1.00
2017.08.22 10:10:52.546,1.61361,1.61387,1.00,1.00
2017.08.22 10:10:52.964,1.6136,1.61387,1.00,1.50
2017.08.22 10:10:53.532,1.61361,1.61387,1.00,1.50
2017.08.22 10:10:54.314,1.61361,1.61386,1.50,1.19
2017.08.22 10:10:54.851,1.61361,1.61387,1.50,1.50
2017.08.22 10:10:58.367,1.61361,1.61388,1.50,1.12
2017.08.22 10:10:58.960,1.61362,1.61387,1.00,1.75
2017.08.22 10:11:00.554,1.61362,1.61387,1.00,1.50
2017.08.22 10:11:01.254,1.61362,1.61387,1.00,1.75
2017.08.22 10:11:02.134,1.61362,1.61389,1.00,2.62
2017.08.22 10:11:02.642,1.61364,1.61389,1.50,1.75
2017.08.22 10:11:03.173,1.61364,1.61389,1.00,1.75
2017.08.22 10:11:03.723,1.61364,1.61389,1.00,1.87
2017.08.22 10:11:03.976,1.61362,1.61389,1.50,1.87
2017.08.22 10:11:04.340,1.61362,1.61388,1.50,1.00
2017.08.22 10:11:04.613,1.61367,1.6139,1.00,1.12
2017.08.22 10:11:04.664,1.61367,1.61393,1.50,1.31
2017.08.22 10:11:04.918,1.61371,1.61397,1.00,1.19
2017.08.22 10:11:05.174,1.61359,1.61385,1.00,1.25
2017.08.22 10:11:05.792,1.61355,1.61384,1.44,1.00
2017.08.22 10:11:06.294,1.61355,1.61384,1.44,1.00
2017.08.22 10:11:06.800,1.6136,1.61384,1.00,1.00
2017.08.22 10:11:07.317,1.61358,1.61384,1.00,1.00
2017.08.22 10:11:07.368,1.61355,1.61383,1.00,1.25
2017.08.22 10:11:07.925,1.61355,1.61383,1.19,1.25
2017.08.22 10:11:08.078,1.61354,1.61383,1.69,1.25
2017.08.22 10:11:08.594,1.61355,1.61383,1.00,1.12
2017.08.22 10:11:09.098,1.61355,1.61382,1.00,1.00
2017.08.22 10:11:09.702,1.61354,1.61382,1.69,1.00
2017.08.22 10:11:10.212,1.61355,1.61382,1.00,1.00
2017.08.22 10:11:11.304,1.61354,1.61382,1.50,1.25
2017.08.22 10:11:11.406,1.61352,1.61379,1.37,1.00
2017.08.22 10:11:11.746,1.61352,1.61379,1.00,2.25
2017.08.22 10:11:12.482,1.61351,1.61379,1.25,1.50
2017.08.22 10:11:13.089,1.61351,1.61379,1.00,1.37
2017.08.22 10:11:13.600,1.61352,1.61379,1.00,1.50
2017.08.22 10:11:14.323,1.61351,1.61379,1.25,2.25
2017.08.22 10:11:15.340,1.61352,1.61378,1.00,1.37
2017.08.22 10:11:16.915,1.61352,1.61378,1.00,1.12
2017.08.22 10:11:17.444,1.61351,1.61378,1.44,1.37
2017.08.22 10:11:17.798,1.61356,1.6138,1.00,1.00
2017.08.22 10:11:17.850,1.61357,1.61382,1.00,1.25
2017.08.22 10:11:18.418,1.61358,1.61384,1.00,1.69
2017.08.22 10:11:19.147,1.61355,1.61381,1.00,1.00
2017.08.22 10:11:19.300,1.61354,1.61381,1.00,1.50
2017.08.22 10:11:19.817,1.61353,1.61379,1.00,1.12
2017.08.22 10:11:20.295,1.61356,1.6138,1.00,1.12
2017.08.22 10:11:20.396,1.61355,1.61382,1.13,1.12
2017.08.22 10:11:21.034,1.61356,1.61382,1.00,1.12
2017.08.22 10:11:22.060,1.61356,1.61381,1.00,1.00
2017.08.22 10:11:22.111,1.61354,1.61381,1.00,1.00
2017.08.22 10:11:22.162,1.61353,1.61381,1.50,1.50
2017.08.22 10:11:22.943,1.61353,1.61381,1.50,1.50
2017.08.22 10:11:23.488,1.61354,1.61381,1.00,1.50
2017.08.22 10:11:24.951,1.61354,1.61381,1.50,1.37
2017.08.22 10:11:25.481,1.61355,1.61381,1.25,1.00
2017.08.22 10:11:26.014,1.61354,1.61381,1.88,1.12
2017.08.22 10:11:26.531,1.61355,1.61381,1.00,1.12
2017.08.22 10:11:27.138,1.61354,1.61381,1.88,1.12
2017.08.22 10:11:28.116,1.61354,1.61381,1.88,1.12
2017.08.22 10:11:28.555,1.61354,1.6138,1.50,1.38
2017.08.22 10:11:28.606,1.61352,1.61379,1.50,1.69
2017.08.22 10:11:28.709,1.61356,1.61379,1.00,1.00
2017.08.22 10:11:28.811,1.61358,1.61385,1.00,1.69
2017.08.22 10:11:28.912,1.61356,1.61381,1.38,1.00
2017.08.22 10:11:28.963,1.61356,1.61381,1.00,1.00
2017.08.22 10:11:29.500,1.61355,1.61381,1.00,1.00
2017.08.22 10:11:30.024,1.61355,1.6138,1.00,1.00
2017.08.22 10:11:30.075,1.61354,1.61378,1.00,1.00
2017.08.22 10:11:30.227,1.61362,1.61393,1.44,1.94
2017.08.22 10:11:30.278,1.61368,1.61393,1.00,1.75
2017.08.22 10:11:30.379,1.61368,1.61394,1.00,1.00
2017.08.22 10:11:31.557,1.61368,1.61394,1.00,1.19
2017.08.22 10:11:31.873,1.6134,1.61364,1.00,1.00
2017.08.22 10:11:32.177,1.61343,1.61369,1.00,1.44
2017.08.22 10:11:32.480,1.61346,1.61371,1.25,1.50
2017.08.22 10:11:32.531,1.61345,1.61371,1.44,1.50
2017.08.22 10:11:33.153,1.61347,1.61373,1.00,1.87
2017.08.22 10:11:33.784,1.61346,1.61373,1.50,1.87
2017.08.22 10:11:34.008,1.61348,1.61373,1.00,1.12
2017.08.22 10:11:36.367,1.61348,1.61374,1.00,1.12
2017.08.22 10:11:37.127,1.61348,1.61373,1.00,1.12
2017.08.22 10:11:37.803,1.61348,1.61375,1.50,1.12
2017.08.22 10:11:39.136,1.61348,1.61376,1.50,1.87
2017.08.22 10:11:39.614,1.61348,1.61374,1.00,1.50
2017.08.22 10:11:40.510,1.61347,1.61373,1.00,1.44
2017.08.22 10:11:41.085,1.61346,1.61372,1.00,1.44
2017.08.22 10:11:41.238,1.61341,1.61367,1.00,1.12
2017.08.22 10:11:41.736,1.61343,1.61369,1.00,2.25
2017.08.22 10:11:43.497,1.61343,1.61369,1.00,1.50
2017.08.22 10:11:46.493,1.61343,1.61369,1.00,1.87
2017.08.22 10:11:46.965,1.61346,1.61371,1.00,1.12
2017.08.22 10:11:47.319,1.61346,1.61373,1.00,1.75
2017.08.22 10:11:47.854,1.61346,1.61373,1.00,1.87
2017.08.22 10:11:48.358,1.61345,1.61371,1.00,1.31
2017.08.22 10:11:49.454,1.61345,1.61371,1.00,1.25
2017.08.22 10:11:49.505,1.61347,1.61371,1.00,1.25
2017.08.22 10:11:50.048,1.61347,1.61372,1.00,1.56
2017.08.22 10:11:50.566,1.61347,1.61372,1.00,1.31
2017.08.22 10:11:51.112,1.61347,1.61372,1.00,1.56
2017.08.22 10:11:51.949,1.61347,1.61372,1.00,1.31
2017.08.22 10:11:52.254,1.61361,1.61383,1.38,1.00
2017.08.22 10:11:52.384,1.61361,1.61387,1.25,1.00
2017.08.22 10:11:52.435,1.61364,1.61388,1.25,1.12
2017.08.22 10:11:52.486,1.61364,1.61392,1.00,1.69
2017.08.22 10:11:53.003,1.61365,1.61392,1.00,1.62
2017.08.22 10:11:53.533,1.61366,1.61393,1.00,1.31
2017.08.22 10:11:54.082,1.61363,1.61389,1.00,1.25
2017.08.22 10:11:54.972,1.61361,1.61389,1.50,1.25
2017.08.22 10:11:55.503,1.61361,1.61389,1.88,1.00
2017.08.22 10:11:56.058,1.61363,1.61389,1.00,1.00
2017.08.22 10:11:56.589,1.61366,1.61391,1.00,1.25
2017.08.22 10:11:56.640,1.61367,1.61394,1.00,1.00
2017.08.22 10:11:57.115,1.61366,1.6139,1.00,1.00
2017.08.22 10:11:57.166,1.61366,1.61393,1.50,1.00
2017.08.22 10:11:57.268,1.61369,1.61395,1.00,1.00
2017.08.22 10:11:57.596,1.61372,1.61397,1.00,1.50
2017.08.22 10:11:57.697,1.61369,1.61395,1.50,1.00
2017.08.22 10:11:58.778,1.61369,1.61397,1.00,2.06
2017.08.22 10:11:59.289,1.61369,1.61397,1.25,2.06
2017.08.22 10:12:01.637,1.61369,1.61397,1.00,1.87
2017.08.22 10:12:03.322,1.61369,1.61397,1.69,1.87
2017.08.22 10:12:03.525,1.61373,1.61397,1.00,1.12
2017.08.22 10:12:03.729,1.61373,1.61399,1.00,1.12
2017.08.22 10:12:04.234,1.61373,1.61399,1.00,1.37
2017.08.22 10:12:05.432,1.61373,1.61399,1.00,1.12
2017.08.22 10:12:06.003,1.61372,1.614,1.50,1.50
2017.08.22 10:12:06.506,1.61373,1.614,1.00,1.69
2017.08.22 10:12:06.659,1.61371,1.61399,1.69,1.37
2017.08.22 10:12:07.168,1.61372,1.61399,1.00,1.12
2017.08.22 10:12:07.726,1.61372,1.61399,1.00,1.37
2017.08.22 10:12:08.318,1.61372,1.61399,1.00,1.12
2017.08.22 10:12:08.863,1.61371,1.61399,1.50,1.37
2017.08.22 10:12:09.413,1.61372,1.61399,1.00,1.37
2017.08.22 10:12:10.511,1.61373,1.61399,1.00,1.37
2017.08.22 10:12:12.068,1.61372,1.61399,1.00,1.37
2017.08.22 10:12:12.676,1.61372,1.61399,1.00,1.00
2017.08.22 10:12:13.225,1.61372,1.614,1.50,1.12
2017.08.22 10:12:13.775,1.61373,1.61401,1.50,1.87
2017.08.22 10:12:14.432,1.61373,1.61402,1.00,1.87
2017.08.22 10:12:15.006,1.61373,1.61401,1.69,1.37
2017.08.22 10:12:15.552,1.61373,1.61402,1.00,1.87
2017.08.22 10:12:16.136,1.61373,1.61402,1.25,2.25
2017.08.22 10:12:16.963,1.61379,1.61401,1.00,1.00
2017.08.22 10:12:17.064,1.61379,1.61405,1.00,1.56
2017.08.22 10:12:17.620,1.61379,1.61405,1.00,1.50
2017.08.22 10:12:19.032,1.6138,1.61406,1.00,1.69
2017.08.22 10:12:19.588,1.6138,1.61406,1.00,1.37
2017.08.22 10:12:20.124,1.61379,1.61405,1.00,1.37
2017.08.22 10:12:20.226,1.61377,1.61403,1.00,1.25
2017.08.22 10:12:20.634,1.61375,1.61402,1.00,1.69
2017.08.22 10:12:21.176,1.61375,1.61401,1.00,1.12
2017.08.22 10:12:21.228,1.61373,1.61399,1.00,1.00
2017.08.22 10:12:21.533,1.6137,1.61396,1.00,1.00
2017.08.22 10:12:22.126,1.61372,1.61396,1.00,1.00
2017.08.22 10:12:22.328,1.61373,1.61399,1.00,1.25
2017.08.22 10:12:22.845,1.61372,1.61399,1.00,1.25
2017.08.22 10:12:24.066,1.61373,1.61399,1.00,1.00
2017.08.22 10:12:24.594,1.61372,1.61399,1.00,1.25
2017.08.22 10:12:26.071,1.61373,1.61399,1.00,1.00
2017.08.22 10:12:26.573,1.61372,1.61399,1.00,1.00
2017.08.22 10:12:27.714,1.61373,1.61399,1.00,1.00
2017.08.22 10:12:28.254,1.61372,1.61399,1.00,1.00
2017.08.22 10:12:28.764,1.61374,1.61399,1.00,1.00
2017.08.22 10:12:30.167,1.61375,1.61401,1.00,1.50
2017.08.22 10:12:31.345,1.61376,1.61402,1.00,1.87
2017.08.22 10:12:31.923,1.61377,1.61404,1.00,1.56
2017.08.22 10:12:32.555,1.61377,1.61404,1.00,1.31
2017.08.22 10:12:33.139,1.61377,1.61404,1.50,1.56
2017.08.22 10:12:34.071,1.61377,1.61404,1.50,1.31
2017.08.22 10:12:34.127,1.61377,1.61402,1.50,1.00
2017.08.22 10:12:37.705,1.61376,1.61401,1.50,1.00
2017.08.22 10:12:41.135,1.61375,1.614,1.00,1.00
2017.08.22 10:12:41.696,1.61374,1.614,1.00,1.00
2017.08.22 10:12:42.245,1.61376,1.61402,1.00,1.00
2017.08.22 10:12:43.834,1.61375,1.614,1.50,1.00
2017.08.22 10:12:46.659,1.61378,1.61404,1.00,1.69
2017.08.22 10:12:46.842,1.61376,1.61403,1.50,1.00
2017.08.22 10:12:47.663,1.61376,1.61402,1.00,1.00
2017.08.22 10:12:49.175,1.61377,1.61404,1.00,1.25
2017.08.22 10:12:53.689,1.61377,1.61404,1.00,1.19
2017.08.22 10:12:54.195,1.61377,1.61404,1.00,1.00
2017.08.22 10:12:58.817,1.61376,1.61403,1.00,1.00
2017.08.22 10:12:59.817,1.61377,1.61403,1.00,1.00
2017.08.22 10:13:01.666,1.61378,1.61405,1.00,1.25
2017.08.22 10:13:03.035,1.61383,1.61411,1.25,1.69
2017.08.22 10:13:03.086,1.61383,1.61411,1.00,1.25
2017.08.22 10:13:03.188,1.61382,1.61408,1.00,1.25
2017.08.22 10:13:03.509,1.61377,1.61403,1.00,1.25
2017.08.22 10:13:03.601,1.61374,1.61401,1.25,1.00
2017.08.22 10:13:04.006,1.61372,1.61398,1.00,1.00
2017.08.22 10:13:04.337,1.61374,1.614,1.00,1.00
2017.08.22 10:13:06.008,1.61373,1.61398,1.00,1.00
2017.08.22 10:13:06.110,1.6137,1.61396,1.00,1.00
2017.08.22 10:13:07.019,1.6137,1.61398,1.00,1.50
2017.08.22 10:13:07.749,1.6137,1.61398,1.00,2.06
2017.08.22 10:13:08.292,1.6137,1.61398,1.00,1.69
2017.08.22 10:13:08.962,1.6137,1.61398,1.00,2.06
2017.08.22 10:13:09.479,1.6137,1.61398,1.00,1.69
2017.08.22 10:13:09.978,1.61375,1.61398,1.00,1.25
2017.08.22 10:13:10.133,1.61375,1.61401,1.00,2.06
2017.08.22 10:13:10.506,1.61375,1.61398,1.00,1.00
2017.08.22 10:13:10.607,1.61373,1.61398,1.00,1.00
2017.08.22 10:13:19.218,1.61374,1.61398,1.00,1.00
2017.08.22 10:13:20.398,1.61374,1.61399,1.00,1.50
2017.08.22 10:13:22.123,1.61374,1.61398,1.00,1.00
2017.08.22 10:13:22.658,1.61371,1.61395,1.00,1.00
2017.08.22 10:13:22.709,1.61368,1.61395,1.50,1.00
2017.08.22 10:13:22.811,1.61367,1.61392,1.00,1.00
2017.08.22 10:13:24.366,1.61366,1.61393,1.00,1.00
2017.08.22 10:13:26.015,1.61365,1.61392,1.50,1.00
2017.08.22 10:13:26.318,1.61376,1.614,1.00,1.69
2017.08.22 10:13:26.420,1.61376,1.61402,1.00,1.00
2017.08.22 10:13:27.325,1.61377,1.61402,1.00,1.00
2017.08.22 10:13:29.694,1.61376,1.61401,1.00,1.00
2017.08.22 10:13:29.847,1.61374,1.61401,1.00,1.00
2017.08.22 10:13:30.384,1.61375,1.61401,1.00,1.00
2017.08.22 10:13:30.486,1.61373,1.61399,1.00,1.00
2017.08.22 10:13:30.537,1.61371,1.61398,1.00,1.00
2017.08.22 10:13:31.667,1.61374,1.614,1.00,1.50
2017.08.22 10:13:37.235,1.61374,1.614,1.88,1.00
2017.08.22 10:13:37.286,1.61374,1.614,1.00,1.00
2017.08.22 10:13:37.858,1.61375,1.61401,1.00,1.00
2017.08.22 10:13:37.910,1.61372,1.61399,1.50,1.00
2017.08.22 10:13:38.467,1.61372,1.61399,1.88,1.00
2017.08.22 10:13:38.973,1.61372,1.61399,1.13,1.00
2017.08.22 10:13:39.349,1.61372,1.61399,1.38,1.00
2017.08.22 10:13:39.500,1.61372,1.61399,1.69,1.00
2017.08.22 10:13:40.061,1.61372,1.61399,1.50,1.00
2017.08.22 10:13:40.364,1.61372,1.61399,1.88,1.00
2017.08.22 10:13:40.516,1.61372,1.61399,1.19,1.00
2017.08.22 10:13:40.820,1.61376,1.61401,1.00,1.31
2017.08.22 10:13:40.871,1.61376,1.61402,1.00,1.00
2017.08.22 10:13:41.558,1.61376,1.61403,1.25,1.00
2017.08.22 10:13:41.609,1.61376,1.61403,1.38,1.00
2017.08.22 10:13:41.913,1.6138,1.61403,1.00,1.00
2017.08.22 10:13:42.015,1.61378,1.61402,1.00,1.00
2017.08.22 10:13:42.721,1.61378,1.61403,1.00,1.00
2017.08.22 10:13:43.323,1.61378,1.61402,1.00,1.00
2017.08.22 10:13:44.341,1.61378,1.61403,1.00,1.00
2017.08.22 10:13:44.891,1.61377,1.61404,1.50,1.00
2017.08.22 10:13:46.663,1.61381,1.61405,1.00,1.00
2017.08.22 10:13:46.714,1.61382,1.61409,1.00,1.69
2017.08.22 10:13:46.866,1.61385,1.61411,1.00,1.69
2017.08.22 10:13:47.371,1.61385,1.61411,1.00,1.69
2017.08.22 10:13:48.036,1.61383,1.61411,1.50,1.87
2017.08.22 10:13:49.302,1.61386,1.61411,1.00,1.50
2017.08.22 10:13:51.884,1.61385,1.61411,1.00,1.00
2017.08.22 10:13:51.935,1.61385,1.61413,1.00,1.25
2017.08.22 10:13:52.905,1.61382,1.61411,2.62,1.31
2017.08.22 10:13:53.220,1.61382,1.61411,1.25,1.50
2017.08.22 10:13:53.523,1.61385,1.61412,1.00,1.12
2017.08.22 10:13:53.836,1.61383,1.6141,1.69,1.00
2017.08.22 10:13:54.697,1.61384,1.6141,1.00,1.00
2017.08.22 10:13:57.667,1.61384,1.61412,1.69,1.12
2017.08.22 10:13:57.871,1.61387,1.61412,1.00,1.00
2017.08.22 10:13:57.922,1.61388,1.61414,1.00,1.25
2017.08.22 10:13:58.024,1.61387,1.61411,1.00,1.50
2017.08.22 10:13:58.075,1.61385,1.61411,1.00,1.50
2017.08.22 10:13:58.228,1.61388,1.61413,1.00,1.31
2017.08.22 10:13:58.279,1.61388,1.61414,1.00,1.69
2017.08.22 10:13:58.449,1.61385,1.61411,1.00,1.25
2017.08.22 10:13:59.003,1.61386,1.61412,1.00,2.06
2017.08.22 10:13:59.513,1.61384,1.6141,1.00,1.44
2017.08.22 10:14:00.079,1.61384,1.6141,1.00,1.69
2017.08.22 10:14:00.394,1.61383,1.61409,1.00,1.56
2017.08.22 10:14:00.546,1.61385,1.6141,1.00,1.25
2017.08.22 10:14:01.140,1.61385,1.6141,1.00,1.31
2017.08.22 10:14:01.252,1.61383,1.61409,1.00,1.19
2017.08.22 10:14:01.303,1.61383,1.61409,1.00,1.00
2017.08.22 10:14:01.354,1.61383,1.61407,1.00,1.00
2017.08.22 10:14:01.760,1.61384,1.61409,1.00,1.25
2017.08.22 10:14:01.811,1.61379,1.61401,1.25,1.00
2017.08.22 10:14:01.912,1.61369,1.61395,1.00,1.50
2017.08.22 10:14:02.166,1.61369,1.61393,1.00,1.00
2017.08.22 10:14:02.833,1.6137,1.61393,1.00,1.00
2017.08.22 10:14:03.120,1.61371,1.61395,1.00,1.00
2017.08.22 10:14:03.171,1.61371,1.61393,1.00,1.00
2017.08.22 10:14:03.273,1.61371,1.61396,1.00,1.00
2017.08.22 10:14:03.324,1.61368,1.61393,1.44,1.00
2017.08.22 10:14:03.579,1.61367,1.61393,1.25,1.50
2017.08.22 10:14:04.339,1.61367,1.61394,1.25,1.50
2017.08.22 10:14:06.331,1.61366,1.61392,1.25,1.00
2017.08.22 10:14:07.114,1.61366,1.61391,1.00,1.00
2017.08.22 10:14:07.343,1.61366,1.61393,1.00,1.50
2017.08.22 10:14:08.381,1.61366,1.61392,1.00,1.00
2017.08.22 10:14:08.933,1.61366,1.61393,1.00,1.00
2017.08.22 10:14:13.055,1.6137,1.61393,1.00,1.00
2017.08.22 10:14:13.157,1.6137,1.61397,1.00,1.25
2017.08.22 10:14:13.665,1.61371,1.61397,1.00,1.00
2017.08.22 10:14:15.526,1.61373,1.61397,1.00,1.25
2017.08.22 10:14:16.272,1.61373,1.614,1.00,2.06
2017.08.22 10:14:16.745,1.61375,1.614,1.00,1.00
2017.08.22 10:14:17.152,1.61375,1.61402,1.00,1.25
2017.08.22 10:14:17.742,1.61375,1.61403,1.00,2.25
2017.08.22 10:14:17.995,1.61376,1.61403,1.00,1.25
2017.08.22 10:14:18.940,1.61375,1.61402,1.00,1.88
2017.08.22 10:14:19.249,1.61378,1.61403,1.00,1.25
2017.08.22 10:14:19.556,1.61376,1.61401,1.00,1.00
2017.08.22 10:14:20.166,1.61376,1.61399,1.00,1.00
2017.08.22 10:14:20.217,1.61374,1.614,1.50,1.00
2017.08.22 10:14:20.764,1.61375,1.614,1.00,1.00
2017.08.22 10:14:21.625,1.61374,1.614,1.50,1.00
2017.08.22 10:14:22.850,1.61374,1.61398,1.00,1.00
2017.08.22 10:14:22.952,1.61371,1.61396,2.25,1.00
2017.08.22 10:14:23.053,1.61372,1.61398,1.50,1.00
2017.08.22 10:14:23.697,1.61373,1.61401,1.00,1.31
2017.08.22 10:14:23.748,1.61377,1.61403,1.00,2.06
2017.08.22 10:14:24.265,1.61377,1.61403,1.00,1.25
2017.08.22 10:14:24.784,1.61377,1.61402,1.00,1.00
2017.08.22 10:14:30.751,1.61377,1.61403,1.00,1.25
2017.08.22 10:14:31.206,1.61379,1.61406,1.00,1.69
2017.08.22 10:14:31.307,1.61378,1.61404,1.00,1.00
2017.08.22 10:14:31.823,1.61379,1.61404,1.00,1.00
2017.08.22 10:14:32.351,1.6138,1.61405,1.00,1.25
2017.08.22 10:14:35.835,1.61381,1.61406,1.00,1.38
2017.08.22 10:14:36.038,1.61382,1.61408,1.00,1.31
2017.08.22 10:14:36.523,1.61382,1.61407,1.00,1.38
2017.08.22 10:14:36.574,1.6138,1.61407,1.00,1.38
2017.08.22 10:14:36.675,1.61378,1.61405,1.87,1.38
2017.08.22 10:14:36.828,1.61381,1.61406,1.00,1.63
2017.08.22 10:14:36.879,1.61381,1.61406,1.00,1.00
2017.08.22 10:14:37.403,1.61383,1.61408,1.00,1.00
2017.08.22 10:14:38.004,1.61383,1.61408,1.00,1.19
2017.08.22 10:14:38.325,1.61384,1.6141,1.00,1.25
2017.08.22 10:14:38.803,1.61384,1.6141,1.00,1.38
2017.08.22 10:14:38.955,1.6139,1.61416,1.00,1.12
2017.08.22 10:14:39.006,1.61393,1.61419,1.00,1.69
2017.08.22 10:14:39.337,1.61404,1.6143,1.00,1.25
2017.08.22 10:14:40.100,1.61404,1.6143,1.00,1.38
2017.08.22 10:14:40.500,1.61404,1.61431,1.00,1.25
2017.08.22 10:14:41.003,1.61404,1.61431,1.00,1.50
2017.08.22 10:14:43.615,1.61404,1.61431,1.00,1.31
2017.08.22 10:14:44.145,1.61405,1.61431,1.00,1.31
2017.08.22 10:14:44.597,1.61406,1.61434,1.00,1.31
2017.08.22 10:14:45.002,1.61406,1.61435,1.00,1.13
2017.08.22 10:14:45.053,1.61406,1.61435,1.00,1.69
2017.08.22 10:14:45.376,1.61406,1.61435,1.00,1.25
2017.08.22 10:14:45.543,1.61405,1.61434,1.00,1.63
2017.08.22 10:14:46.052,1.61405,1.61433,1.00,1.00
2017.08.22 10:14:46.500,1.61407,1.61433,1.00,1.00
2017.08.22 10:14:46.652,1.61409,1.61436,1.00,1.00
2017.08.22 10:14:48.197,1.6141,1.61437,1.00,1.25
2017.08.22 10:14:49.211,1.61411,1.61438,1.00,1.25
2017.08.22 10:14:49.747,1.61411,1.61437,1.00,1.25
2017.08.22 10:14:49.798,1.61411,1.61437,1.00,1.44
2017.08.22 10:14:49.950,1.61407,1.61433,1.00,1.12
2017.08.22 10:14:50.214,1.61409,1.61435,1.00,1.00
2017.08.22 10:14:50.929,1.61409,1.61437,1.00,1.25
2017.08.22 10:14:53.118,1.61409,1.61437,1.00,1.69
2017.08.22 10:14:53.657,1.61409,1.61437,1.00,1.13
2017.08.22 10:14:53.708,1.61409,1.61437,1.00,1.69
2017.08.22 10:14:54.361,1.61409,1.61437,1.00,1.69
2017.08.22 10:14:54.741,1.61407,1.61432,1.50,1.44
2017.08.22 10:14:54.792,1.61405,1.6143,1.00,1.00
2017.08.22 10:14:54.843,1.61403,1.6143,1.00,1.25
2017.08.22 10:14:54.995,1.61401,1.61426,1.00,1.44
2017.08.22 10:14:55.517,1.614,1.61426,1.00,1.38
2017.08.22 10:14:56.055,1.61401,1.61427,1.00,1.38
2017.08.22 10:14:56.176,1.61401,1.61427,1.00,1.13
2017.08.22 10:14:59.628,1.61399,1.61427,1.50,1.63
2017.08.22 10:15:00.135,1.614,1.61427,1.00,1.63
2017.08.22 10:15:00.681,1.61399,1.61427,1.50,1.31
2017.08.22 10:15:01.049,1.61401,1.61427,1.00,1.31
2017.08.22 10:15:01.354,1.61403,1.61429,1.00,1.12
2017.08.22 10:15:01.668,1.61408,1.61434,1.00,2.44
2017.08.22 10:15:01.771,1.61408,1.61434,1.00,1.25
2017.08.22 10:15:03.069,1.61406,1.61434,1.50,1.38
2017.08.22 10:15:03.323,1.61408,1.61434,1.00,1.88
2017.08.22 10:15:03.778,1.61405,1.61433,1.50,1.00
2017.08.22 10:15:04.571,1.61406,1.61433,1.00,1.25
2017.08.22 10:15:05.148,1.61405,1.61433,1.50,1.00
2017.08.22 10:15:05.377,1.61407,1.61433,1.00,1.00
2017.08.22 10:15:05.478,1.61407,1.61436,1.00,1.31
2017.08.22 10:15:06.335,1.61407,1.61436,1.00,1.75
2017.08.22 10:15:06.871,1.61407,1.61436,1.50,1.50
2017.08.22 10:15:07.410,1.61409,1.61436,1.00,1.50
2017.08.22 10:15:07.923,1.61411,1.61437,1.00,2.25
2017.08.22 10:15:08.075,1.61411,1.61437,1.00,1.25
2017.08.22 10:15:08.177,1.61411,1.61437,1.00,1.50
2017.08.22 10:15:08.531,1.61411,1.61437,1.50,1.13
2017.08.22 10:15:09.008,1.61426,1.6145,1.00,1.25
2017.08.22 10:15:09.160,1.61424,1.61449,1.00,1.13
2017.08.22 10:15:09.212,1.61424,1.61448,1.00,1.38
2017.08.22 10:15:09.263,1.61423,1.61448,1.00,1.25
2017.08.22 10:15:09.314,1.61421,1.61448,1.00,1.56
2017.08.22 10:15:09.618,1.61419,1.61442,1.00,1.19
2017.08.22 10:15:09.922,1.61419,1.61443,1.00,1.31
2017.08.22 10:15:09.978,1.61419,1.61443,1.00,1.31
2017.08.22 10:15:10.194,1.61414,1.61441,1.38,1.00
2017.08.22 10:15:10.700,1.61414,1.61441,1.00,1.38
2017.08.22 10:15:11.242,1.61415,1.61441,1.00,1.19
2017.08.22 10:15:11.650,1.61418,1.61442,1.00,1.00
2017.08.22 10:15:11.954,1.61419,1.61444,1.00,1.50
2017.08.22 10:15:12.158,1.61417,1.61443,1.00,1.25
2017.08.22 10:15:12.672,1.61417,1.61443,1.00,1.88
2017.08.22 10:15:12.881,1.61415,1.61443,1.00,2.06
2017.08.22 10:15:13.405,1.61416,1.61443,1.00,2.06
2017.08.22 10:15:14.724,1.61416,1.61439,1.00,1.00
2017.08.22 10:15:14.775,1.61412,1.61439,1.00,1.25
2017.08.22 10:15:14.928,1.6141,1.61437,1.25,1.00
2017.08.22 10:15:15.303,1.61414,1.61439,1.00,1.50
2017.08.22 10:15:16.114,1.61412,1.61438,1.50,1.00
2017.08.22 10:15:16.216,1.61411,1.61436,1.00,1.25
2017.08.22 10:15:16.317,1.61409,1.61435,1.00,1.00
2017.08.22 10:15:16.470,1.61411,1.61433,1.00,1.00
2017.08.22 10:15:16.521,1.61411,1.61437,1.00,1.50
2017.08.22 10:15:16.722,1.61414,1.61437,1.00,1.12
2017.08.22 10:15:16.876,1.61412,1.61438,1.69,1.00
2017.08.22 10:15:17.395,1.61413,1.61438,1.00,1.00
2017.08.22 10:15:17.446,1.61413,1.6144,1.00,1.00
2017.08.22 10:15:17.993,1.61413,1.61437,1.00,1.00
2017.08.22 10:15:18.045,1.61411,1.61437,1.50,1.50
2017.08.22 10:15:18.345,1.61411,1.61435,1.00,1.00
2017.08.22 10:15:18.890,1.61411,1.61436,1.00,1.00
2017.08.22 10:15:19.513,1.61411,1.61437,1.00,1.00
2017.08.22 10:15:19.844,1.6141,1.61435,1.00,1.50
2017.08.22 10:15:20.644,1.6141,1.61436,1.00,1.00
2017.08.22 10:15:21.784,1.6141,1.61435,1.00,1.00
2017.08.22 10:15:22.622,1.6141,1.61436,1.50,1.00
2017.08.22 10:15:23.114,1.61408,1.61435,1.50,1.00
2017.08.22 10:15:26.039,1.6141,1.61435,1.00,1.00
2017.08.22 10:15:26.292,1.61412,1.61438,1.00,1.50
2017.08.22 10:15:26.566,1.61412,1.61436,1.00,1.00
2017.08.22 10:15:28.100,1.61411,1.61436,1.50,1.00
2017.08.22 10:15:28.626,1.61411,1.61437,1.00,1.25
2017.08.22 10:15:29.325,1.61411,1.61437,1.00,1.19
2017.08.22 10:15:29.910,1.61411,1.61437,1.00,1.50
2017.08.22 10:15:30.413,1.6141,1.61437,1.00,1.25
2017.08.22 10:15:31.152,1.61409,1.61437,1.50,1.00
2017.08.22 10:15:31.492,1.61411,1.61437,1.00,1.25
2017.08.22 10:15:31.810,1.61413,1.61439,1.00,1.69
2017.08.22 10:15:35.142,1.61403,1.61434,1.50,1.56
2017.08.22 10:15:35.453,1.61407,1.61434,1.00,1.25
2017.08.22 10:15:35.748,1.61404,1.61429,1.00,1.25
2017.08.22 10:15:36.269,1.61403,1.61432,1.00,2.81
2017.08.22 10:15:37.237,1.61405,1.61432,1.00,1.88
2017.08.22 10:15:38.522,1.61405,1.61432,1.00,2.06
2017.08.22 10:15:39.051,1.61405,1.61432,1.00,2.63
2017.08.22 10:15:42.500,1.61405,1.61432,1.00,2.06
2017.08.22 10:15:43.307,1.61405,1.61432,1.00,1.69
2017.08.22 10:15:43.611,1.614,1.61426,1.25,1.00
2017.08.22 10:15:43.863,1.614,1.61424,1.00,1.00
2017.08.22 10:15:44.324,1.61398,1.61424,1.00,1.00
2017.08.22 10:15:44.375,1.61396,1.61422,1.12,1.00
2017.08.22 10:15:44.427,1.61394,1.61422,1.12,1.25
2017.08.22 10:15:44.631,1.61394,1.61419,2.06,1.00
2017.08.22 10:15:45.367,1.61396,1.61419,1.00,1.00
2017.08.22 10:15:46.644,1.61395,1.61419,1.00,1.00
2017.08.22 10:15:49.792,1.61394,1.61419,1.00,1.00
2017.08.22 10:15:49.843,1.61392,1.61418,1.13,1.00
2017.08.22 10:15:49.894,1.61395,1.61417,1.00,1.00
2017.08.22 10:15:49.945,1.61396,1.61422,1.00,1.31
2017.08.22 10:15:49.996,1.61393,1.61419,1.00,1.00
2017.08.22 10:15:50.509,1.61397,1.61425,1.00,1.87
2017.08.22 10:15:50.633,1.61403,1.61428,1.00,1.00
2017.08.22 10:15:50.684,1.61403,1.61432,1.13,1.25
2017.08.22 10:15:50.786,1.61408,1.61434,1.00,1.44
2017.08.22 10:15:51.292,1.61408,1.61434,1.00,1.00
2017.08.22 10:15:53.511,1.61408,1.61433,1.00,1.00
2017.08.22 10:15:53.834,1.61406,1.61432,1.00,1.00
2017.08.22 10:15:53.935,1.61404,1.6143,1.00,1.00
2017.08.22 10:15:53.987,1.61405,1.61432,1.00,1.00
2017.08.22 10:15:55.623,1.61404,1.61432,1.00,1.50
2017.08.22 10:15:55.674,1.61404,1.6143,1.00,1.00
2017.08.22 10:15:56.277,1.61404,1.61429,1.00,1.00
2017.08.22 10:15:56.514,1.61401,1.61428,1.12,1.00
2017.08.22 10:15:58.080,1.61399,1.61427,1.62,1.00
2017.08.22 10:15:58.132,1.61397,1.61423,1.12,1.00
2017.08.22 10:15:58.740,1.61395,1.61422,1.37,1.00
2017.08.22 10:16:00.025,1.61396,1.61421,1.00,1.00
2017.08.22 10:16:00.550,1.61397,1.6142,1.00,1.25
2017.08.22 10:16:01.179,1.61395,1.6142,1.00,1.00
2017.08.22 10:16:04.769,1.61393,1.6142,1.00,1.50
2017.08.22 10:16:04.972,1.61393,1.61418,1.00,1.00
2017.08.22 10:16:05.405,1.61393,1.6142,1.00,1.00
2017.08.22 10:16:06.386,1.61394,1.6142,1.00,1.00
2017.08.22 10:16:07.689,1.61393,1.61418,1.00,1.00
2017.08.22 10:16:07.741,1.61389,1.61418,1.50,1.88
2017.08.22 10:16:07.792,1.61387,1.61414,1.00,1.00
2017.08.22 10:16:08.351,1.61386,1.61413,1.00,1.00
2017.08.22 10:16:10.006,1.61386,1.6141,1.00,1.00
2017.08.22 10:16:10.605,1.61385,1.6141,1.00,1.00
2017.08.22 10:16:11.950,1.61385,1.61413,1.50,1.00
2017.08.22 10:16:12.001,1.6139,1.61413,1.00,1.00
2017.08.22 10:16:12.052,1.6139,1.61416,1.50,1.00
2017.08.22 10:16:12.204,1.61387,1.61413,1.50,1.00
2017.08.22 10:16:12.734,1.61392,1.61417,1.00,1.00
2017.08.22 10:16:12.835,1.61393,1.61421,1.50,1.50
2017.08.22 10:16:12.886,1.61396,1.61421,1.00,1.31
2017.08.22 10:16:13.043,1.61396,1.61423,1.00,1.19
2017.08.22 10:16:13.094,1.61403,1.61429,1.00,1.62
2017.08.22 10:16:13.609,1.61405,1.61429,1.00,1.00
2017.08.22 10:16:14.003,1.61406,1.61431,1.00,1.50
2017.08.22 10:16:14.509,1.61407,1.61431,1.50,1.00
2017.08.22 10:16:15.059,1.61408,1.61431,1.50,1.00
2017.08.22 10:16:16.290,1.6141,1.61431,1.00,1.00
2017.08.22 10:16:16.380,1.6141,1.61433,1.00,1.00
2017.08.22 10:16:16.787,1.61413,1.61436,1.00,1.00
2017.08.22 10:16:17.323,1.61413,1.61437,1.50,1.00
2017.08.22 10:16:17.873,1.61414,1.61437,1.00,1.00
2017.08.22 10:16:18.763,1.61417,1.61437,1.00,1.00
2017.08.22 10:16:18.864,1.61418,1.61442,1.00,1.87
2017.08.22 10:16:18.966,1.6142,1.6144,1.00,1.00
2017.08.22 10:16:19.017,1.61415,1.61438,1.00,1.00
2017.08.22 10:16:19.571,1.61414,1.61438,1.00,1.00
2017.08.22 10:16:19.774,1.61415,1.61441,1.00,1.00
2017.08.22 10:16:19.877,1.61413,1.61437,1.00,1.00
2017.08.22 10:16:19.928,1.61411,1.61437,1.00,1.87
2017.08.22 10:16:20.405,1.61408,1.61435,1.25,1.12
2017.08.22 10:16:20.913,1.61409,1.61435,1.00,1.50
2017.08.22 10:16:21.479,1.61409,1.61437,1.50,1.69
2017.08.22 10:16:21.992,1.6141,1.61437,1.00,1.69
2017.08.22 10:16:22.233,1.6141,1.6143,1.00,1.00
2017.08.22 10:16:22.284,1.61407,1.61434,1.50,1.25
2017.08.22 10:16:22.335,1.61409,1.61434,1.00,1.50
2017.08.22 10:16:22.538,1.61406,1.61435,1.50,1.56
2017.08.22 10:16:23.057,1.61414,1.61439,1.00,1.00
2017.08.22 10:16:23.159,1.61415,1.61441,1.00,1.00
2017.08.22 10:16:23.666,1.61415,1.61442,1.00,1.00
2017.08.22 10:16:23.870,1.61415,1.6144,1.00,1.00
2017.08.22 10:16:24.394,1.61414,1.6144,1.00,1.00
2017.08.22 10:16:24.903,1.61415,1.6144,1.00,1.00
2017.08.22 10:16:25.143,1.61419,1.61445,1.00,1.00
2017.08.22 10:16:25.422,1.61421,1.61445,1.00,1.00
2017.08.22 10:16:25.575,1.61421,1.61447,1.00,1.00
2017.08.22 10:16:26.966,1.61423,1.61449,1.00,1.00
2017.08.22 10:16:27.501,1.61423,1.6145,1.00,1.69
2017.08.22 10:16:28.024,1.61423,1.61449,1.00,1.00
2017.08.22 10:16:28.636,1.61422,1.61448,1.00,1.00
2017.08.22 10:16:28.788,1.6142,1.61448,1.00,1.00
2017.08.22 10:16:29.195,1.61422,1.61447,1.00,1.00
2017.08.22 10:16:29.731,1.61422,1.61447,1.00,1.19
2017.08.22 10:16:29.833,1.6142,1.61445,1.00,1.00
2017.08.22 10:16:30.484,1.61421,1.61445,1.00,1.00
2017.08.22 10:16:31.041,1.61422,1.61445,1.50,1.00
2017.08.22 10:16:31.784,1.61423,1.61445,1.00,1.00
2017.08.22 10:16:31.835,1.61424,1.61447,1.00,1.50
2017.08.22 10:16:32.088,1.61422,1.61446,1.00,1.63
2017.08.22 10:16:32.190,1.61418,1.61446,1.00,1.13
2017.08.22 10:16:32.412,1.6142,1.61445,1.00,1.00
2017.08.22 10:16:32.470,1.61421,1.61447,1.50,1.25
2017.08.22 10:16:32.980,1.6142,1.61446,1.00,1.00
2017.08.22 10:16:33.482,1.61421,1.61447,1.00,1.69
2017.08.22 10:16:34.003,1.6142,1.61447,1.00,1.69
2017.08.22 10:16:34.456,1.61418,1.61445,1.00,1.25
2017.08.22 10:16:35.111,1.61417,1.61445,1.00,1.00
2017.08.22 10:16:35.638,1.61419,1.61444,1.00,1.00
2017.08.22 10:16:36.234,1.61418,1.61444,1.00,1.00
2017.08.22 10:16:36.640,1.6142,1.61444,1.00,1.00
2017.08.22 10:16:37.030,1.6142,1.61442,1.00,1.00
2017.08.22 10:16:37.081,1.61418,1.61442,1.00,1.00
2017.08.22 10:16:37.631,1.61419,1.61442,1.00,1.00
2017.08.22 10:16:38.254,1.61418,1.61442,1.00,1.00
2017.08.22 10:16:38.305,1.61416,1.61442,1.00,1.00
2017.08.22 10:16:39.043,1.61415,1.61442,1.00,1.25
2017.08.22 10:16:39.562,1.61416,1.61442,1.00,1.25
2017.08.22 10:16:40.112,1.61415,1.61442,1.00,1.00
2017.08.22 10:16:40.646,1.61416,1.61442,1.00,1.00
2017.08.22 10:16:41.223,1.61415,1.61442,1.00,1.00
2017.08.22 10:16:41.762,1.61416,1.61442,1.00,1.00
2017.08.22 10:16:42.533,1.61415,1.61442,1.00,1.25
2017.08.22 10:16:43.133,1.61416,1.61442,1.00,1.25
2017.08.22 10:16:43.755,1.61417,1.61442,1.00,1.25
2017.08.22 10:16:44.109,1.61419,1.61443,1.00,1.00
2017.08.22 10:16:44.565,1.61419,1.61445,1.00,1.25
2017.08.22 10:16:44.869,1.61421,1.61446,1.00,1.69
2017.08.22 10:16:45.614,1.61421,1.61444,1.00,1.00
2017.08.22 10:16:45.927,1.61421,1.61446,1.00,1.50
2017.08.22 10:16:46.442,1.61422,1.61446,1.00,1.50
2017.08.22 10:16:46.725,1.61423,1.6145,1.00,1.00
2017.08.22 10:16:46.826,1.61425,1.61451,1.00,1.25
2017.08.22 10:16:47.813,1.61426,1.61451,1.00,1.00
2017.08.22 10:16:48.017,1.61427,1.61453,1.50,1.50
2017.08.22 10:16:48.524,1.61428,1.61453,1.00,1.00
2017.08.22 10:16:48.575,1.61432,1.61455,1.00,1.00
2017.08.22 10:16:48.627,1.61432,1.61458,1.50,1.44
2017.08.22 10:16:48.678,1.61434,1.61459,1.00,1.00
2017.08.22 10:16:49.027,1.61436,1.61462,1.00,1.87
2017.08.22 10:16:49.578,1.61436,1.61462,1.00,1.50
2017.08.22 10:16:51.176,1.61435,1.61462,1.00,1.50
2017.08.22 10:16:51.481,1.61434,1.61459,1.00,1.00
2017.08.22 10:16:51.786,1.6143,1.61453,1.50,1.00
2017.08.22 10:16:52.131,1.61428,1.61451,1.00,1.00
2017.08.22 10:16:52.334,1.61428,1.61453,1.00,1.00
2017.08.22 10:16:52.385,1.6143,1.61453,1.00,1.00
2017.08.22 10:16:52.539,1.61428,1.61452,1.00,1.00
2017.08.22 10:16:52.590,1.61426,1.61452,1.50,1.00
2017.08.22 10:16:52.692,1.61426,1.6145,1.00,1.00
2017.08.22 10:16:52.793,1.61424,1.6145,1.00,1.00
2017.08.22 10:16:52.844,1.61425,1.61447,1.00,1.00
2017.08.22 10:16:53.074,1.61423,1.61447,1.50,1.00
2017.08.22 10:16:53.228,1.61425,1.61448,1.00,1.00
2017.08.22 10:16:53.532,1.61427,1.61448,1.00,1.00
2017.08.22 10:16:53.583,1.61427,1.6145,1.50,1.00
2017.08.22 10:16:54.089,1.61428,1.6145,1.00,1.00
2017.08.22 10:16:54.651,1.61427,1.61451,1.50,1.00
2017.08.22 10:16:55.221,1.61426,1.61451,1.50,1.00
2017.08.22 10:16:55.818,1.61427,1.61451,1.00,1.00
2017.08.22 10:16:56.862,1.61426,1.61451,1.50,1.00
2017.08.22 10:16:57.404,1.61427,1.61451,1.00,1.00
2017.08.22 10:16:58.452,1.61426,1.61451,1.50,1.00
2017.08.22 10:16:59.919,1.61426,1.61452,1.00,1.00
2017.08.22 10:17:00.425,1.61427,1.61451,1.00,1.00
2017.08.22 10:17:01.551,1.61426,1.61451,1.50,1.00
2017.08.22 10:17:01.652,1.6143,1.61452,1.00,1.00
2017.08.22 10:17:01.785,1.61432,1.61455,1.00,1.00
2017.08.22 10:17:02.397,1.61431,1.61455,1.00,1.00
2017.08.22 10:17:02.964,1.61432,1.61455,1.00,1.00
2017.08.22 10:17:03.015,1.6143,1.61455,1.00,1.00
2017.08.22 10:17:03.065,1.6143,1.61452,1.00,1.25
2017.08.22 10:17:03.116,1.61428,1.61452,1.00,1.25
2017.08.22 10:17:03.209,1.61426,1.61452,1.50,1.00
2017.08.22 10:17:03.614,1.61428,1.61455,1.50,1.19
2017.08.22 10:17:03.716,1.61432,1.61459,1.50,1.69
2017.08.22 10:17:03.818,1.61432,1.61457,1.00,1.00
2017.08.22 10:17:04.071,1.61435,1.61463,1.69,1.25
2017.08.22 10:17:04.173,1.61438,1.61463,1.00,1.25
2017.08.22 10:17:04.224,1.61436,1.61463,1.00,1.25
2017.08.22 10:17:04.749,1.61437,1.61462,1.00,1.00
2017.08.22 10:17:05.053,1.61435,1.61462,1.50,1.00
2017.08.22 10:17:05.611,1.61436,1.61462,1.00,1.00
2017.08.22 10:17:06.214,1.61433,1.61457,1.00,1.25
2017.08.22 10:17:06.266,1.6143,1.61457,2.06,1.25
2017.08.22 10:17:06.317,1.61433,1.61459,1.50,1.00
2017.08.22 10:17:07.032,1.61434,1.61459,1.00,1.00
2017.08.22 10:17:07.577,1.61435,1.61459,1.00,1.00
2017.08.22 10:17:09.465,1.61434,1.61459,1.00,1.00
2017.08.22 10:17:09.994,1.61435,1.61459,1.00,1.00
2017.08.22 10:17:11.206,1.61434,1.61459,1.00,1.25
2017.08.22 10:17:11.753,1.61433,1.61459,1.50,1.25
2017.08.22 10:17:12.306,1.61434,1.61459,1.00,1.25
2017.08.22 10:17:12.655,1.61433,1.61457,1.50,1.00
2017.08.22 10:17:13.208,1.61434,1.61457,1.00,1.00
2017.08.22 10:17:13.742,1.61432,1.61457,1.00,1.00
2017.08.22 10:17:14.275,1.61433,1.61457,1.00,1.00
2017.08.22 10:17:14.806,1.61432,1.61457,1.00,1.25
2017.08.22 10:17:15.327,1.61433,1.61457,1.00,1.00
2017.08.22 10:17:15.833,1.61434,1.61458,1.00,1.00
2017.08.22 10:17:16.387,1.61435,1.61458,1.00,1.00
2017.08.22 10:17:16.803,1.61435,1.6146,1.00,1.25
2017.08.22 10:17:16.955,1.61435,1.61458,1.00,1.00
2017.08.22 10:17:17.499,1.61434,1.61458,1.50,1.00
2017.08.22 10:17:17.816,1.61429,1.61456,1.00,1.50
2017.08.22 10:17:18.391,1.61429,1.61456,1.50,1.81
2017.08.22 10:17:18.644,1.61427,1.61454,1.00,1.25
2017.08.22 10:17:19.721,1.61428,1.61455,1.00,1.25
2017.08.22 10:17:20.255,1.61428,1.61455,1.00,1.69
2017.08.22 10:17:20.940,1.61427,1.61453,1.00,1.31
2017.08.22 10:17:23.214,1.61428,1.61453,1.00,1.00
2017.08.22 10:17:23.874,1.61427,1.61453,1.50,1.00
2017.08.22 10:17:25.667,1.61428,1.61453,1.00,1.00
2017.08.22 10:17:26.934,1.61427,1.61453,1.50,1.00
2017.08.22 10:17:29.355,1.61428,1.61453,1.00,1.25
2017.08.22 10:17:30.445,1.61427,1.61451,1.50,1.00
2017.08.22 10:17:30.848,1.61429,1.61453,1.00,1.00
2017.08.22 10:17:32.746,1.61428,1.61452,1.00,1.00
2017.08.22 10:17:35.185,1.61428,1.61452,1.00,1.31
2017.08.22 10:17:35.952,1.61428,1.61452,1.00,1.25
2017.08.22 10:17:36.621,1.61428,1.61452,1.00,1.31
2017.08.22 10:17:37.149,1.61428,1.61452,1.00,1.25
2017.08.22 10:17:37.865,1.61428,1.61452,1.00,1.31
2017.08.22 10:17:38.238,1.61427,1.61454,1.00,1.56
2017.08.22 10:17:38.803,1.61427,1.61454,1.00,2.44
2017.08.22 10:17:39.351,1.61427,1.61454,1.00,1.87
2017.08.22 10:17:39.402,1.61427,1.61452,1.00,1.00
2017.08.22 10:17:40.162,1.61427,1.61454,1.00,1.00
2017.08.22 10:17:41.261,1.61427,1.61453,1.00,1.00
2017.08.22 10:17:42.280,1.61426,1.61453,1.00,1.00
2017.08.22 10:17:43.283,1.61426,1.61452,1.00,1.00
2017.08.22 10:17:44.384,1.61427,1.61452,1.00,1.00
2017.08.22 10:17:45.765,1.61426,1.61451,1.00,1.00
2017.08.22 10:17:45.975,1.61424,1.61449,1.00,1.00
2017.08.22 10:17:46.717,1.61423,1.61449,1.00,1.00
2017.08.22 10:17:47.223,1.61424,1.61449,1.00,1.00
2017.08.22 10:17:47.963,1.61423,1.61448,1.00,1.00
2017.08.22 10:17:48.267,1.61419,1.6145,1.12,1.56
2017.08.22 10:17:48.319,1.61419,1.6145,1.00,1.15
2017.08.22 10:17:48.370,1.61419,1.61451,1.00,2.74
2017.08.22 10:17:48.674,1.61419,1.61451,1.00,1.42
2017.08.22 10:17:48.977,1.61419,1.61444,1.00,1.00
2017.08.22 10:17:49.206,1.6142,1.61447,1.00,1.00
2017.08.22 10:17:49.794,1.61418,1.61448,1.50,1.88
2017.08.22 10:17:49.998,1.61416,1.6144,1.00,1.00
2017.08.22 10:17:50.151,1.61415,1.61442,1.00,1.12
2017.08.22 10:17:50.699,1.61416,1.61444,1.00,1.37
2017.08.22 10:17:51.072,1.61415,1.6144,1.50,1.00
2017.08.22 10:17:51.173,1.61412,1.61439,1.50,1.00
2017.08.22 10:17:51.275,1.6141,1.61437,1.69,1.00
2017.08.22 10:17:53.493,1.61411,1.61437,1.00,1.00
2017.08.22 10:17:54.390,1.6141,1.61437,1.50,1.00
2017.08.22 10:17:54.664,1.6141,1.61439,1.00,1.00
2017.08.22 10:17:55.284,1.61411,1.61438,1.00,1.00
2017.08.22 10:17:56.828,1.61409,1.61436,1.00,1.00
2017.08.22 10:17:57.631,1.61408,1.61438,2.06,1.25
2017.08.22 10:17:57.783,1.61412,1.6144,1.00,1.12
2017.08.22 10:17:57.985,1.61413,1.61442,1.00,1.87
2017.08.22 10:17:58.490,1.61413,1.61442,1.00,2.25
2017.08.22 10:17:59.064,1.61413,1.61442,1.00,1.87
2017.08.22 10:17:59.415,1.61414,1.61439,1.00,1.00
2017.08.22 10:17:59.568,1.61411,1.61438,1.50,1.25
2017.08.22 10:17:59.821,1.61411,1.61436,1.00,1.00
2017.08.22 10:17:59.922,1.61412,1.61439,1.50,1.25
2017.08.22 10:18:00.076,1.6141,1.61437,1.00,1.50
2017.08.22 10:18:00.330,1.61396,1.61424,1.00,1.31
2017.08.22 10:18:00.381,1.61401,1.61425,1.00,1.62
2017.08.22 10:18:00.486,1.61401,1.61427,1.00,1.12
2017.08.22 10:18:00.588,1.61401,1.61423,1.00,1.00
2017.08.22 10:18:00.690,1.61397,1.61422,1.00,1.00
2017.08.22 10:18:01.281,1.614,1.61422,1.00,1.00
2017.08.22 10:18:01.691,1.61402,1.61423,1.00,1.00
2017.08.22 10:18:01.863,1.61402,1.61425,1.00,1.00
2017.08.22 10:18:02.041,1.61402,1.61423,1.00,1.00
2017.08.22 10:18:02.396,1.61402,1.61426,1.00,1.00
2017.08.22 10:18:02.599,1.61402,1.61424,1.00,1.00
2017.08.22 10:18:03.204,1.61401,1.61424,1.00,1.00
2017.08.22 10:18:04.204,1.61402,1.61426,1.00,1.50
2017.08.22 10:18:04.255,1.61404,1.61426,1.00,1.00
2017.08.22 10:18:04.458,1.61404,1.6143,1.00,1.12
2017.08.22 10:18:04.691,1.61404,1.61428,1.00,1.00
2017.08.22 10:18:05.355,1.61404,1.61429,1.00,1.00
2017.08.22 10:18:05.870,1.61403,1.61428,1.00,1.00
2017.08.22 10:18:06.274,1.61405,1.6143,1.00,1.50
2017.08.22 10:18:06.325,1.61406,1.61432,1.00,1.00
2017.08.22 10:18:06.835,1.61407,1.61433,1.00,1.50
2017.08.22 10:18:07.382,1.61406,1.61433,1.00,1.50
2017.08.22 10:18:07.751,1.61408,1.61433,1.00,1.00
2017.08.22 10:18:07.803,1.61408,1.61435,1.00,1.50
2017.08.22 10:18:10.567,1.61406,1.6143,1.00,1.00
2017.08.22 10:18:11.607,1.61405,1.6143,1.00,1.00
2017.08.22 10:18:12.547,1.61407,1.61432,1.00,1.00
2017.08.22 10:18:13.507,1.61407,1.61434,1.25,1.00
2017.08.22 10:18:14.478,1.61409,1.61436,1.00,1.50
2017.08.22 10:18:15.192,1.61409,1.61435,1.00,1.00
2017.08.22 10:18:16.660,1.61412,1.61436,1.00,1.00
2017.08.22 10:18:16.710,1.61412,1.61438,1.00,2.06
2017.08.22 10:18:17.220,1.61412,1.61437,1.00,1.00
2017.08.22 10:18:17.726,1.61411,1.61436,1.00,1.00
2017.08.22 10:18:18.083,1.61412,1.61438,1.00,1.25
2017.08.22 10:18:18.431,1.61411,1.61436,1.00,1.00
2017.08.22 10:18:19.845,1.6141,1.61435,1.00,1.00
2017.08.22 10:18:21.588,1.61408,1.61435,1.00,2.25
2017.08.22 10:18:21.639,1.61408,1.61433,1.00,1.00
2017.08.22 10:18:21.830,1.61405,1.61431,1.12,1.00
2017.08.22 10:18:21.932,1.61409,1.61431,1.00,1.00
2017.08.22 10:18:21.983,1.61409,1.61433,1.00,1.00
2017.08.22 10:18:22.186,1.61409,1.61435,1.00,1.50
2017.08.22 10:18:22.827,1.6141,1.61435,1.00,1.00
2017.08.22 10:18:23.352,1.6141,1.61436,1.00,1.00
2017.08.22 10:18:24.968,1.61411,1.61437,1.00,2.25
2017.08.22 10:18:25.613,1.61408,1.61434,1.12,1.00
2017.08.22 10:18:26.251,1.6141,1.61436,1.00,1.50
2017.08.22 10:18:26.403,1.61407,1.61435,1.00,1.00
2017.08.22 10:18:26.557,1.61406,1.61432,1.00,1.00
2017.08.22 10:18:26.861,1.61409,1.61434,1.00,1.00
2017.08.22 10:18:27.402,1.61409,1.61435,1.00,1.00
2017.08.22 10:18:29.576,1.61409,1.61436,1.00,1.00
2017.08.22 10:18:29.829,1.61406,1.61434,1.50,1.50
2017.08.22 10:18:30.382,1.61407,1.61433,1.00,1.00
2017.08.22 10:18:30.718,1.61411,1.61434,1.50,1.00
2017.08.22 10:18:30.769,1.61413,1.61438,1.00,1.00
2017.08.22 10:18:30.898,1.61413,1.6144,1.00,1.50
2017.08.22 10:18:31.509,1.61413,1.61439,1.00,1.00
2017.08.22 10:18:31.692,1.61414,1.61441,1.00,1.00
2017.08.22 10:18:32.799,1.61412,1.61441,1.00,1.69
2017.08.22 10:18:32.850,1.61411,1.61436,1.00,1.00
2017.08.22 10:18:32.901,1.61407,1.61435,1.12,1.50
2017.08.22 10:18:33.054,1.61407,1.61433,1.87,1.00
2017.08.22 10:18:33.592,1.61407,1.61434,1.00,1.00
2017.08.22 10:18:34.120,1.61407,1.61433,1.50,1.00
2017.08.22 10:18:35.326,1.61407,1.61434,1.00,1.00
2017.08.22 10:18:35.872,1.61406,1.61433,1.00,1.00
2017.08.22 10:18:38.638,1.61407,1.61433,1.00,1.00
2017.08.22 10:18:39.193,1.61406,1.61433,1.00,1.00
2017.08.22 10:18:39.712,1.61407,1.61433,1.00,1.00
2017.08.22 10:18:40.043,1.61402,1.61431,1.50,1.00
2017.08.22 10:18:40.740,1.61402,1.6143,1.50,1.00
2017.08.22 10:18:41.438,1.61402,1.61429,1.00,1.50
2017.08.22 10:18:41.590,1.61402,1.61427,1.00,1.00
2017.08.22 10:18:42.167,1.61402,1.61428,1.00,1.50
2017.08.22 10:18:42.723,1.61401,1.61428,1.00,1.50
2017.08.22 10:18:44.251,1.61402,1.61428,1.00,1.50
2017.08.22 10:18:44.808,1.61401,1.61428,1.00,1.50
2017.08.22 10:18:45.378,1.61402,1.61428,1.00,1.50
2017.08.22 10:18:46.475,1.614,1.61428,1.00,1.50
2017.08.22 10:18:48.593,1.61401,1.61428,1.00,1.50
2017.08.22 10:18:49.081,1.61403,1.61429,1.00,1.00
2017.08.22 10:18:49.877,1.61402,1.61427,1.50,1.00
2017.08.22 10:18:50.238,1.61403,1.61431,1.00,2.06
2017.08.22 10:18:50.340,1.61407,1.61431,1.00,1.00
2017.08.22 10:18:50.391,1.61408,1.61433,1.00,1.00
2017.08.22 10:18:50.940,1.61407,1.61434,1.00,1.69
2017.08.22 10:18:51.941,1.61408,1.61434,1.00,1.00
2017.08.22 10:18:52.453,1.61407,1.61433,1.50,1.00
2017.08.22 10:18:52.715,1.61409,1.61435,1.00,1.50
2017.08.22 10:18:53.845,1.61408,1.61433,1.00,1.00
2017.08.22 10:18:55.026,1.61406,1.61433,1.00,1.00
2017.08.22 10:18:57.925,1.61406,1.61431,1.00,1.00
2017.08.22 10:18:58.197,1.61408,1.61434,1.00,1.00
2017.08.22 10:18:58.781,1.61408,1.61435,1.00,1.00
2017.08.22 10:18:59.536,1.61408,1.61433,1.00,1.00
2017.08.22 10:19:00.538,1.61408,1.61434,1.00,1.00
2017.08.22 10:19:01.666,1.6141,1.61435,1.00,1.00
2017.08.22 10:19:01.919,1.61407,1.61434,1.00,1.00
2017.08.22 10:19:02.890,1.61408,1.61434,1.00,1.00
2017.08.22 10:19:03.866,1.6141,1.61434,1.00,1.00
2017.08.22 10:19:04.401,1.6141,1.61435,1.00,1.00
2017.08.22 10:19:07.700,1.61409,1.61434,1.00,1.00
2017.08.22 10:19:08.211,1.61408,1.61433,1.00,1.00
2017.08.22 10:19:14.417,1.61409,1.61434,1.00,1.00
2017.08.22 10:19:15.065,1.6141,1.61435,1.00,1.25
2017.08.22 10:19:16.661,1.61413,1.61437,1.00,1.00
2017.08.22 10:19:17.222,1.61413,1.61438,1.00,1.25
2017.08.22 10:19:17.630,1.61411,1.61436,1.00,1.00
2017.08.22 10:19:19.940,1.61411,1.61438,1.00,1.44
2017.08.22 10:19:20.468,1.61411,1.61438,1.00,1.50
2017.08.22 10:19:22.661,1.6141,1.61437,1.00,1.25
2017.08.22 10:19:22.964,1.61409,1.61434,1.00,1.00
2017.08.22 10:19:23.066,1.61409,1.61436,1.00,1.69
2017.08.22 10:19:25.500,1.61411,1.61436,1.00,1.00
2017.08.22 10:19:28.727,1.61412,1.61437,1.00,1.00
2017.08.22 10:19:29.233,1.61411,1.61436,1.00,1.00
2017.08.22 10:19:30.502,1.61411,1.61438,1.00,1.44
2017.08.22 10:19:31.473,1.61411,1.61438,1.00,1.25
2017.08.22 10:19:31.810,1.61407,1.61432,1.00,1.00
2017.08.22 10:19:32.636,1.61406,1.61434,1.00,1.44
2017.08.22 10:19:33.221,1.61406,1.61434,1.00,1.25
2017.08.22 10:19:33.694,1.61409,1.61434,1.00,1.00
2017.08.22 10:19:38.077,1.61405,1.6143,1.00,1.00
2017.08.22 10:19:38.229,1.61405,1.61432,1.25,1.25
2017.08.22 10:19:38.381,1.61403,1.6143,1.56,1.00
2017.08.22 10:19:38.705,1.61405,1.61428,1.00,1.00
2017.08.22 10:19:38.757,1.61405,1.6143,1.00,1.50
2017.08.22 10:19:39.061,1.61402,1.61429,1.00,1.50
2017.08.22 10:19:39.112,1.61399,1.61426,1.00,1.00
2017.08.22 10:19:39.880,1.61405,1.61429,1.00,1.62
2017.08.22 10:19:39.931,1.61405,1.6143,1.00,1.00
2017.08.22 10:19:40.785,1.61406,1.61431,1.00,1.50
2017.08.22 10:19:41.713,1.61405,1.6143,1.00,1.00
2017.08.22 10:19:41.764,1.614,1.61425,1.50,1.00
2017.08.22 10:19:41.865,1.61397,1.61425,1.56,1.00
2017.08.22 10:19:41.967,1.61408,1.61428,1.00,1.00
2017.08.22 10:19:42.068,1.61411,1.61432,1.00,1.00
2017.08.22 10:19:42.119,1.61409,1.61432,1.25,1.00
2017.08.22 10:19:42.170,1.61409,1.61436,1.00,1.00
2017.08.22 10:19:42.516,1.61407,1.61432,1.00,1.00
2017.08.22 10:19:42.568,1.61402,1.61433,1.19,1.69
2017.08.22 10:19:42.619,1.61402,1.61433,1.00,1.00
2017.08.22 10:19:42.721,1.61402,1.61432,1.00,1.50
2017.08.22 10:19:43.025,1.614,1.61425,1.00,1.00
2017.08.22 10:19:43.228,1.61401,1.61428,1.00,1.00
2017.08.22 10:19:44.522,1.61401,1.61426,1.00,1.00
2017.08.22 10:19:45.047,1.614,1.61425,1.00,1.00
2017.08.22 10:19:45.795,1.61395,1.6142,1.00,1.00
2017.08.22 10:19:45.846,1.61392,1.6142,3.00,1.00
2017.08.22 10:19:46.841,1.61393,1.61418,1.00,1.00
2017.08.22 10:19:47.358,1.61392,1.61417,1.00,1.00
2017.08.22 10:19:47.745,1.61391,1.61419,1.50,1.25
2017.08.22 10:19:47.968,1.61394,1.61419,1.00,1.00
2017.08.22 10:19:48.653,1.61395,1.61422,1.00,1.12
2017.08.22 10:19:48.704,1.61395,1.61423,1.00,1.12
2017.08.22 10:19:48.805,1.61398,1.61424,1.00,1.69
2017.08.22 10:19:48.856,1.614,1.61425,1.00,1.12
2017.08.22 10:19:48.958,1.61398,1.61423,1.00,1.00
2017.08.22 10:19:49.962,1.61397,1.61425,1.00,1.81
2017.08.22 10:19:50.520,1.61397,1.61425,1.00,1.31
2017.08.22 10:19:50.916,1.61398,1.61423,1.00,1.00
2017.08.22 10:19:51.625,1.61397,1.61422,1.00,1.00
2017.08.22 10:19:54.875,1.61397,1.61425,1.00,1.50
2017.08.22 10:19:54.926,1.61399,1.61426,1.00,1.56
2017.08.22 10:19:55.463,1.61398,1.61425,1.50,1.31
2017.08.22 10:19:56.178,1.61398,1.61425,1.50,1.25
2017.08.22 10:19:56.584,1.614,1.61425,1.00,1.31
2017.08.22 10:19:57.132,1.614,1.61425,1.00,1.25
2017.08.22 10:19:57.672,1.614,1.61425,1.00,1.31
2017.08.22 10:19:58.215,1.614,1.61425,1.00,1.00
2017.08.22 10:19:59.439,1.61397,1.61421,1.00,1.00
2017.08.22 10:19:59.540,1.61393,1.6142,1.50,1.00
2017.08.22 10:19:59.692,1.61393,1.6142,1.00,1.50
2017.08.22 10:20:00.559,1.61394,1.6142,1.00,1.69
2017.08.22 10:20:00.711,1.6139,1.61418,1.00,1.00
2017.08.22 10:20:01.056,1.61388,1.61415,1.69,1.00
2017.08.22 10:20:01.360,1.61388,1.61414,1.00,1.31
2017.08.22 10:20:01.411,1.61386,1.61412,1.00,1.00
2017.08.22 10:20:01.672,1.61386,1.6141,1.00,1.31
2017.08.22 10:20:01.821,1.61384,1.6141,1.00,1.25
2017.08.22 10:20:02.352,1.61385,1.6141,1.00,1.31
2017.08.22 10:20:02.596,1.61385,1.6141,1.00,2.19
2017.08.22 10:20:07.502,1.61382,1.61406,1.69,1.00
2017.08.22 10:20:07.553,1.61377,1.61401,1.12,1.00
2017.08.22 10:20:07.656,1.61373,1.61399,1.00,1.25
2017.08.22 10:20:07.707,1.61373,1.61395,1.00,1.00
2017.08.22 10:20:08.163,1.61373,1.61393,1.00,1.00
2017.08.22 10:20:11.940,1.6137,1.61393,1.00,1.00
2017.08.22 10:20:15.329,1.6137,1.61391,1.00,1.00
2017.08.22 10:20:17.386,1.61368,1.61391,1.00,1.00
2017.08.22 10:20:20.126,1.61368,1.61393,1.00,1.00
2017.08.22 10:20:20.679,1.61368,1.61392,1.00,1.00
2017.08.22 10:20:22.013,1.61367,1.61392,1.00,1.00
2017.08.22 10:20:22.446,1.61371,1.61394,1.00,1.00
2017.08.22 10:20:22.621,1.61371,1.61396,1.00,1.50
2017.08.22 10:20:23.139,1.61371,1.61395,1.00,1.00
2017.08.22 10:20:23.671,1.6137,1.61395,1.00,1.00
2017.08.22 10:20:25.950,1.61368,1.61395,1.00,1.50
2017.08.22 10:20:28.653,1.61366,1.61393,1.00,1.00
2017.08.22 10:20:29.684,1.61367,1.61393,1.00,1.00
2017.08.22 10:20:30.640,1.61367,1.61394,1.00,1.69
2017.08.22 10:20:37.864,1.6137,1.61396,1.00,1.31
2017.08.22 10:20:38.196,1.61373,1.61398,1.00,1.31
2017.08.22 10:20:38.901,1.61371,1.61398,1.00,1.56
2017.08.22 10:20:40.020,1.61371,1.61398,1.00,1.31
2017.08.22 10:20:42.275,1.61371,1.61398,1.50,1.31
2017.08.22 10:20:42.777,1.61371,1.61398,1.50,1.56
2017.08.22 10:20:44.745,1.61373,1.61399,1.00,2.62
2017.08.22 10:20:45.269,1.61373,1.61399,1.00,1.87
2017.08.22 10:20:45.820,1.61372,1.61399,1.00,1.69
2017.08.22 10:20:46.359,1.61373,1.61399,1.00,1.37
2017.08.22 10:20:46.865,1.61374,1.614,1.00,1.56
2017.08.22 10:20:48.611,1.61375,1.61401,1.00,2.62
2017.08.22 10:20:49.325,1.61375,1.614,1.00,1.00
2017.08.22 10:20:49.985,1.61375,1.61401,1.00,1.00
2017.08.22 10:20:50.638,1.61376,1.61401,1.00,1.25
2017.08.22 10:20:52.556,1.6138,1.61406,1.25,1.00
2017.08.22 10:20:53.522,1.61382,1.61406,1.00,1.00
2017.08.22 10:20:54.108,1.61381,1.61407,1.00,1.00
2017.08.22 10:20:54.310,1.61377,1.61405,1.50,1.62
2017.08.22 10:20:55.202,1.61378,1.61403,1.00,1.00
2017.08.22 10:20:55.413,1.61376,1.61402,1.69,1.00
2017.08.22 10:20:55.464,1.61375,1.614,1.00,1.00
2017.08.22 10:20:56.226,1.61375,1.61403,1.69,1.25
2017.08.22 10:20:56.428,1.61375,1.61401,1.00,1.00
2017.08.22 10:20:56.986,1.61376,1.61403,1.00,1.25
2017.08.22 10:21:00.932,1.61376,1.61402,1.00,1.00
2017.08.22 10:21:05.291,1.61378,1.61403,1.00,1.00
2017.08.22 10:21:06.242,1.61378,1.61404,1.00,1.00
2017.08.22 10:21:08.088,1.61377,1.61402,1.00,1.00
2017.08.22 10:21:09.249,1.61375,1.61403,1.00,1.00
2017.08.22 10:21:09.300,1.61374,1.614,1.00,1.00
2017.08.22 10:21:09.403,1.61371,1.61398,1.00,1.00
2017.08.22 10:21:09.455,1.61374,1.61399,1.00,1.25
2017.08.22 10:21:09.626,1.61371,1.61397,1.00,1.00
2017.08.22 10:21:10.285,1.61373,1.61398,1.00,1.12
2017.08.22 10:21:10.488,1.61374,1.614,1.00,1.00
2017.08.22 10:21:10.589,1.61374,1.61402,1.00,1.12
2017.08.22 10:21:14.237,1.61375,1.614,1.00,1.00
2017.08.22 10:21:15.237,1.61374,1.614,1.00,1.00
2017.08.22 10:21:19.951,1.61375,1.614,1.00,1.00
2017.08.22 10:21:26.600,1.61373,1.61398,1.00,1.00
2017.08.22 10:21:27.958,1.61373,1.614,1.00,1.00
2017.08.22 10:21:28.912,1.61373,1.61398,1.50,1.00
2017.08.22 10:21:29.833,1.61374,1.61399,1.00,1.00
2017.08.22 10:21:31.257,1.61375,1.61401,1.00,1.00
2017.08.22 10:21:32.298,1.61375,1.61402,1.00,1.12
2017.08.22 10:21:33.916,1.61375,1.61402,1.00,1.37
2017.08.22 10:21:34.479,1.61375,1.61402,1.00,1.12
2017.08.22 10:21:34.997,1.61375,1.61402,1.00,1.37
2017.08.22 10:21:39.289,1.61375,1.61402,1.00,1.00
2017.08.22 10:21:39.452,1.61372,1.61399,1.69,1.00
2017.08.22 10:21:39.555,1.61371,1.61399,1.00,1.00
2017.08.22 10:21:40.271,1.6137,1.61397,1.00,1.00
2017.08.22 10:21:41.271,1.61372,1.61397,1.00,1.00
2017.08.22 10:21:43.756,1.61371,1.61396,1.00,1.00
2017.08.22 10:21:44.016,1.61366,1.61393,1.00,1.25
2017.08.22 10:21:44.120,1.6137,1.61395,1.00,1.25
2017.08.22 10:21:44.943,1.61371,1.61397,1.00,1.25
2017.08.22 10:21:45.294,1.6137,1.61395,1.00,1.00
2017.08.22 10:21:46.605,1.61367,1.61394,1.00,1.00
2017.08.22 10:21:46.910,1.61369,1.61395,1.00,1.00
2017.08.22 10:21:49.241,1.61371,1.61396,1.00,1.00
2017.08.22 10:21:49.496,1.61367,1.61395,1.00,1.50
2017.08.22 10:21:49.547,1.61366,1.61393,1.00,1.00
2017.08.22 10:21:50.563,1.61366,1.61391,1.50,1.00
2017.08.22 10:21:51.551,1.61365,1.61393,1.50,1.00
2017.08.22 10:21:52.242,1.61366,1.61393,1.00,1.00
2017.08.22 10:21:52.816,1.61365,1.61393,1.50,1.00
2017.08.22 10:21:53.349,1.61365,1.61391,1.00,1.00
2017.08.22 10:21:54.335,1.61366,1.61391,1.00,1.00
2017.08.22 10:21:57.820,1.61368,1.61393,1.00,1.00
2017.08.22 10:21:58.159,1.61372,1.61398,1.25,1.25
2017.08.22 10:21:58.803,1.61373,1.614,1.00,1.56
2017.08.22 10:22:02.971,1.61373,1.61399,1.00,1.25
2017.08.22 10:22:09.863,1.61371,1.61396,1.19,1.00
2017.08.22 10:22:09.914,1.61363,1.61388,1.00,1.00
2017.08.22 10:22:09.965,1.61361,1.61384,1.00,1.00
2017.08.22 10:22:10.016,1.61357,1.61384,1.12,1.00
2017.08.22 10:22:10.067,1.61354,1.61382,1.56,1.37
2017.08.22 10:22:10.118,1.61354,1.61382,1.00,1.50
2017.08.22 10:22:10.169,1.61353,1.61378,1.00,1.00
2017.08.22 10:22:11.166,1.61351,1.61379,1.12,1.00
2017.08.22 10:22:12.499,1.61354,1.61379,1.00,1.00
2017.08.22 10:22:12.550,1.61356,1.61383,1.00,1.00
2017.08.22 10:22:12.652,1.61354,1.61381,1.00,1.00
2017.08.22 10:22:12.986,1.61352,1.61378,1.25,1.00
2017.08.22 10:22:13.334,1.61354,1.61378,1.00,1.00
2017.08.22 10:22:13.385,1.61352,1.61378,1.25,1.00
2017.08.22 10:22:13.713,1.61353,1.6138,1.50,1.00
2017.08.22 10:22:14.637,1.61354,1.6138,1.00,1.00
2017.08.22 10:22:14.923,1.61355,1.61382,1.00,1.25
2017.08.22 10:22:15.907,1.61356,1.61383,1.00,1.00
2017.08.22 10:22:16.246,1.6136,1.61385,1.00,1.00
2017.08.22 10:22:16.882,1.61361,1.61388,1.00,1.00
2017.08.22 10:22:17.252,1.61363,1.61389,1.00,1.37
2017.08.22 10:22:18.658,1.61364,1.61389,1.00,1.12
2017.08.22 10:22:18.962,1.61362,1.61386,1.00,1.00
2017.08.22 10:22:20.330,1.6136,1.61385,1.00,1.00
2017.08.22 10:22:24.295,1.61359,1.61384,1.00,1.00
2017.08.22 10:22:25.444,1.61359,1.61385,1.00,1.00
2017.08.22 10:22:28.482,1.61358,1.61383,1.00,1.00
2017.08.22 10:22:28.998,1.61356,1.6138,1.50,1.00
2017.08.22 10:22:30.016,1.61357,1.61381,1.00,1.00
2017.08.22 10:22:30.864,1.61358,1.61382,1.00,1.00
2017.08.22 10:22:32.054,1.6136,1.61384,1.00,1.25
2017.08.22 10:22:32.359,1.61364,1.61388,1.00,2.44
2017.08.22 10:22:32.411,1.6136,1.61385,1.00,1.00
2017.08.22 10:22:33.128,1.61356,1.6138,1.25,1.00
2017.08.22 10:22:33.456,1.61358,1.61382,1.00,1.00
2017.08.22 10:22:34.036,1.61364,1.61387,1.00,3.00
2017.08.22 10:22:34.293,1.61364,1.61387,1.00,1.50
2017.08.22 10:22:34.849,1.61364,1.61386,1.00,1.00
2017.08.22 10:22:34.900,1.61364,1.61388,1.00,1.00
2017.08.22 10:22:35.205,1.61365,1.61392,1.00,1.81
2017.08.22 10:22:35.715,1.61365,1.61392,1.00,1.25
2017.08.22 10:22:35.816,1.61367,1.61392,1.00,1.31
2017.08.22 10:22:36.779,1.61365,1.61392,1.00,1.31
2017.08.22 10:22:40.516,1.61365,1.61392,1.00,1.69
2017.08.22 10:22:44.983,1.61364,1.6139,1.00,1.00
2017.08.22 10:22:46.809,1.61361,1.61388,1.50,1.25
2017.08.22 10:22:46.860,1.61363,1.61389,1.00,1.00
2017.08.22 10:22:47.783,1.61365,1.61389,1.00,1.00
2017.08.22 10:22:48.429,1.61368,1.61393,1.00,1.37
2017.08.22 10:22:48.681,1.61365,1.61392,1.00,1.00
2017.08.22 10:22:51.285,1.61365,1.61391,1.00,1.00
2017.08.22 10:22:54.618,1.61369,1.61393,1.00,1.50
2017.08.22 10:22:54.922,1.61371,1.61395,1.00,1.00
2017.08.22 10:22:55.266,1.61379,1.61403,1.00,1.00
2017.08.22 10:22:55.570,1.61381,1.61404,1.00,1.25
2017.08.22 10:22:55.621,1.61381,1.61407,1.00,1.31
2017.08.22 10:22:55.723,1.61379,1.61403,1.00,1.00
2017.08.22 10:22:56.343,1.61381,1.61405,1.00,1.31
2017.08.22 10:22:56.445,1.61379,1.61403,1.00,1.00
2017.08.22 10:22:57.892,1.61379,1.61405,1.00,1.50
2017.08.22 10:22:58.411,1.61379,1.61405,1.00,1.12
2017.08.22 10:22:58.641,1.61382,1.61407,1.00,1.31
2017.08.22 10:23:00.037,1.61383,1.61407,1.00,1.31
2017.08.22 10:23:00.138,1.6138,1.61406,1.00,1.00
2017.08.22 10:23:02.281,1.61382,1.61406,1.00,1.00
2017.08.22 10:23:02.841,1.61383,1.61407,1.00,1.12
2017.08.22 10:23:05.184,1.61382,1.61407,1.00,1.00
2017.08.22 10:23:09.751,1.61383,1.61408,1.00,1.00
2017.08.22 10:23:10.043,1.61383,1.6141,1.00,1.50
2017.08.22 10:23:10.972,1.61385,1.6141,1.00,1.50
2017.08.22 10:23:13.319,1.61383,1.6141,1.00,1.50
2017.08.22 10:23:13.604,1.61383,1.61408,1.00,1.00
2017.08.22 10:23:14.828,1.6138,1.61405,1.12,1.00
2017.08.22 10:23:15.342,1.61381,1.61406,1.00,1.00
2017.08.22 10:23:15.657,1.61384,1.61409,1.00,1.00
2017.08.22 10:23:18.413,1.61381,1.61406,1.12,1.00
2017.08.22 10:23:18.465,1.61379,1.61406,1.00,1.00
2017.08.22 10:23:18.935,1.61382,1.61409,1.25,1.25
2017.08.22 10:23:20.987,1.61379,1.61407,1.31,1.25
2017.08.22 10:23:22.046,1.61379,1.61406,1.00,1.00
2017.08.22 10:23:22.278,1.61382,1.61407,1.00,1.00
2017.08.22 10:23:22.784,1.61381,1.61408,1.25,1.00
2017.08.22 10:23:23.552,1.61383,1.61408,1.00,1.00
2017.08.22 10:23:25.596,1.61384,1.61409,1.00,1.00
2017.08.22 10:23:28.736,1.61382,1.61409,1.00,1.00
2017.08.22 10:23:31.356,1.61384,1.61409,1.00,1.00
2017.08.22 10:23:31.407,1.61382,1.61409,1.25,1.00
2017.08.22 10:23:32.386,1.61383,1.6141,1.00,1.50
2017.08.22 10:23:32.917,1.61382,1.61409,1.00,1.00
2017.08.22 10:23:34.329,1.61384,1.61409,1.00,1.00
2017.08.22 10:23:34.430,1.61384,1.61411,1.50,1.00
