2013.06.18 13:00:00.176,1.67112,1.6716,1.50,1.50
2013.06.18 13:00:00.235,1.67111,1.6716,1.69,1.50
2013.06.18 13:00:00.296,1.67106,1.67158,1.69,1.50
2013.06.18 13:00:00.474,1.67104,1.67156,1.50,1.50
2013.06.18 13:00:00.604,1.67104,1.67155,1.50,1.50
2013.06.18 13:00:01.162,1.67106,1.67155,1.50,1.50
2013.06.18 13:00:01.405,1.67107,1.67158,1.50,2.25
2013.06.18 13:00:01.707,1.67111,1.67159,1.50,1.50
2013.06.18 13:00:01.775,1.67111,1.67159,1.50,2.25
2013.06.18 13:00:01.834,1.6711,1.67158,1.50,1.50
2013.06.18 13:00:01.954,1.67106,1.67158,1.13,2.25
2013.06.18 13:00:03.584,1.67107,1.67158,1.50,2.63
2013.06.18 13:00:03.704,1.67111,1.67158,1.50,1.50
2013.06.18 13:00:06.318,1.67111,1.67158,1.50,2.25
2013.06.18 13:00:06.626,1.67102,1.67147,2.25,4.88
2013.06.18 13:00:06.686,1.67102,1.67147,1.50,4.13
2013.06.18 13:00:06.804,1.67098,1.67147,1.50,4.69
2013.06.18 13:00:08.374,1.67098,1.67147,2.25,5.07
2013.06.18 13:00:08.685,1.67102,1.67147,1.50,5.07
2013.06.18 13:00:09.134,1.671,1.67143,1.50,3.60
2013.06.18 13:00:09.254,1.67099,1.67143,1.50,3.60
2013.06.18 13:00:09.434,1.67091,1.67131,1.69,3.00
2013.06.18 13:00:09.495,1.67086,1.67127,1.69,1.50
2013.06.18 13:00:11.085,1.67087,1.67127,2.25,1.50
2013.06.18 13:00:11.205,1.6709,1.67131,1.13,1.50
2013.06.18 13:00:11.325,1.67096,1.67131,2.25,1.50
2013.06.18 13:00:11.565,1.67081,1.67129,1.50,1.50
2013.06.18 13:00:11.625,1.67079,1.67129,1.50,1.50
2013.06.18 13:00:11.745,1.67078,1.67129,1.50,2.25
2013.06.18 13:00:12.044,1.67076,1.67125,1.50,1.50
2013.06.18 13:00:12.436,1.67078,1.67126,1.50,1.50
2013.06.18 13:00:12.555,1.67079,1.67127,2.25,1.50
2013.06.18 13:00:12.676,1.67081,1.67127,1.50,1.69
2013.06.18 13:00:12.798,1.67083,1.67128,1.50,1.50
2013.06.18 13:00:12.916,1.67078,1.67124,1.50,1.50
2013.06.18 13:00:13.095,1.67078,1.67125,1.50,1.35
2013.06.18 13:00:13.654,1.67082,1.67127,1.50,1.50
2013.06.18 13:00:13.774,1.67077,1.67128,1.50,1.50
2013.06.18 13:00:14.724,1.67074,1.67125,1.69,1.50
2013.06.18 13:00:14.785,1.67074,1.67124,1.50,1.50
2013.06.18 13:00:14.844,1.67077,1.67126,1.50,2.25
2013.06.18 13:00:14.904,1.67079,1.67126,1.50,2.25
2013.06.18 13:00:14.964,1.67079,1.67129,1.50,1.69
2013.06.18 13:00:15.145,1.67075,1.67125,1.50,2.25
2013.06.18 13:00:15.386,1.67075,1.67125,2.25,1.50
2013.06.18 13:00:15.564,1.6708,1.67126,1.50,2.25
2013.06.18 13:00:15.745,1.6708,1.67126,1.50,2.25
2013.06.18 13:00:15.924,1.67075,1.67127,2.25,1.50
2013.06.18 13:00:15.984,1.67075,1.67126,1.50,3.00
2013.06.18 13:00:16.105,1.67073,1.67123,1.69,2.25
2013.06.18 13:00:16.237,1.67073,1.67122,1.69,1.50
2013.06.18 13:00:16.595,1.67067,1.67117,1.50,2.25
2013.06.18 13:00:16.896,1.67067,1.67117,2.25,2.25
2013.06.18 13:00:16.957,1.67067,1.67117,2.63,1.50
2013.06.18 13:00:17.315,1.6707,1.67117,1.13,1.50
2013.06.18 13:00:17.495,1.67066,1.67112,2.25,1.50
2013.06.18 13:00:17.774,1.67066,1.67112,2.25,2.25
2013.06.18 13:00:18.100,1.67066,1.67107,2.25,1.50
2013.06.18 13:00:18.644,1.67064,1.67107,3.19,1.50
2013.06.18 13:00:19.200,1.67064,1.6711,2.44,2.10
2013.06.18 13:00:19.507,1.67052,1.67101,2.44,1.50
2013.06.18 13:00:19.736,1.67053,1.67102,1.69,1.50
2013.06.18 13:00:19.925,1.67057,1.67105,1.50,2.48
2013.06.18 13:00:19.985,1.67058,1.67107,1.50,1.35
2013.06.18 13:00:20.226,1.67058,1.67108,1.50,1.50
2013.06.18 13:00:21.446,1.67058,1.67108,2.25,1.50
2013.06.18 13:00:21.564,1.67062,1.67108,1.50,1.50
2013.06.18 13:00:22.708,1.67062,1.67108,1.50,2.25
2013.06.18 13:00:22.926,1.67062,1.67108,1.50,1.50
2013.06.18 13:00:22.985,1.67058,1.67107,1.50,1.50
2013.06.18 13:00:23.105,1.67055,1.67106,1.50,1.50
2013.06.18 13:00:23.736,1.67055,1.67106,1.50,1.50
2013.06.18 13:00:24.225,1.67055,1.67106,1.50,1.50
2013.06.18 13:00:24.586,1.67062,1.67108,1.50,1.50
2013.06.18 13:00:24.965,1.67058,1.67112,2.25,1.50
2013.06.18 13:00:25.025,1.67058,1.67108,2.25,1.50
2013.06.18 13:00:25.555,1.67054,1.67103,1.50,3.00
2013.06.18 13:00:25.885,1.67047,1.67091,1.32,1.50
2013.06.18 13:00:26.384,1.67046,1.67092,2.44,1.50
2013.06.18 13:00:26.446,1.67046,1.67092,2.25,1.50
2013.06.18 13:00:26.505,1.67046,1.67096,1.88,1.50
2013.06.18 13:00:26.865,1.67042,1.6709,1.69,1.50
2013.06.18 13:00:26.986,1.67042,1.67088,1.50,2.10
2013.06.18 13:00:27.227,1.67038,1.67085,1.50,1.50
2013.06.18 13:00:27.524,1.67038,1.67082,1.50,1.50
2013.06.18 13:00:27.945,1.67039,1.67084,2.25,1.50
2013.06.18 13:00:28.065,1.67045,1.67084,1.50,1.50
2013.06.18 13:00:28.427,1.67055,1.67101,1.50,3.94
2013.06.18 13:00:28.664,1.67056,1.67101,1.50,2.44
2013.06.18 13:00:28.904,1.6705,1.67102,2.25,2.44
2013.06.18 13:00:29.355,1.67051,1.67102,1.50,1.69
2013.06.18 13:00:29.535,1.67055,1.67102,2.25,2.44
2013.06.18 13:00:29.774,1.67055,1.67105,1.50,1.50
2013.06.18 13:00:29.834,1.67052,1.67103,1.50,1.50
2013.06.18 13:00:29.894,1.67051,1.67103,2.25,2.25
2013.06.18 13:00:30.184,1.67052,1.67103,1.50,1.50
2013.06.18 13:00:30.395,1.67055,1.67106,1.50,1.50
2013.06.18 13:00:31.436,1.67055,1.67105,1.50,1.69
2013.06.18 13:00:31.615,1.6705,1.67102,2.25,2.25
2013.06.18 13:00:34.265,1.67057,1.67102,1.50,2.44
2013.06.18 13:00:34.328,1.67057,1.67102,1.50,1.69
2013.06.18 13:00:34.937,1.67057,1.67102,2.25,1.69
2013.06.18 13:00:35.295,1.67066,1.67111,1.50,3.38
2013.06.18 13:00:35.689,1.67066,1.67111,2.25,2.63
2013.06.18 13:00:38.726,1.67066,1.67111,1.50,2.63
2013.06.18 13:00:39.674,1.67066,1.67111,1.50,2.63
2013.06.18 13:00:39.898,1.67061,1.67105,1.69,1.50
2013.06.18 13:00:40.285,1.6706,1.67104,2.25,1.50
2013.06.18 13:00:40.345,1.67056,1.67101,1.50,1.73
2013.06.18 13:00:40.595,1.67053,1.67101,1.69,1.73
2013.06.18 13:00:41.060,1.67048,1.67095,1.50,1.35
2013.06.18 13:00:43.315,1.67049,1.67095,2.25,1.35
2013.06.18 13:00:43.925,1.67052,1.67095,2.25,1.35
2013.06.18 13:00:45.834,1.67052,1.67096,2.25,2.25
2013.06.18 13:00:46.016,1.67052,1.67096,2.25,1.50
2013.06.18 13:00:46.074,1.67048,1.67096,1.88,1.50
2013.06.18 13:00:46.630,1.67048,1.67096,1.13,1.50
2013.06.18 13:00:50.215,1.67048,1.67096,1.13,2.25
2013.06.18 13:00:50.636,1.67044,1.67093,2.44,2.25
2013.06.18 13:00:52.116,1.67043,1.67092,1.50,1.50
2013.06.18 13:00:52.322,1.67044,1.67092,2.25,1.50
2013.06.18 13:00:52.904,1.67043,1.67092,1.50,1.50
2013.06.18 13:00:53.025,1.67043,1.67091,1.50,1.50
2013.06.18 13:00:53.331,1.67048,1.67092,1.13,1.69
2013.06.18 13:00:53.398,1.67048,1.67093,1.13,1.50
2013.06.18 13:00:53.456,1.6705,1.67097,2.25,2.85
2013.06.18 13:00:53.582,1.67046,1.67097,2.25,2.85
2013.06.18 13:00:53.707,1.67047,1.67098,1.50,1.50
2013.06.18 13:00:54.065,1.67055,1.671,2.25,6.75
2013.06.18 13:00:54.504,1.67059,1.67102,1.50,4.50
2013.06.18 13:00:54.636,1.67059,1.67102,1.50,1.50
2013.06.18 13:00:54.884,1.67059,1.67099,1.50,6.00
2013.06.18 13:00:55.125,1.67059,1.67099,1.50,2.25
2013.06.18 13:00:55.305,1.67059,1.67102,2.25,2.25
2013.06.18 13:00:55.674,1.67059,1.67102,1.50,1.50
2013.06.18 13:00:55.734,1.67059,1.67103,1.50,4.69
2013.06.18 13:00:56.455,1.67055,1.67102,1.50,1.50
2013.06.18 13:00:57.614,1.67055,1.671,1.50,2.25
2013.06.18 13:00:59.926,1.67055,1.67102,1.50,1.69
2013.06.18 13:01:00.104,1.67056,1.67101,1.50,1.69
2013.06.18 13:01:00.666,1.67061,1.67103,1.50,4.50
2013.06.18 13:01:00.724,1.67061,1.67105,1.50,1.50
2013.06.18 13:01:00.845,1.67058,1.67105,1.50,1.50
2013.06.18 13:01:01.205,1.67058,1.67106,1.50,5.25
2013.06.18 13:01:01.564,1.67044,1.67092,2.25,1.50
2013.06.18 13:01:02.118,1.67047,1.67092,2.25,1.50
2013.06.18 13:01:03.355,1.67047,1.67088,2.25,2.25
2013.06.18 13:01:03.657,1.67047,1.67081,2.25,1.35
2013.06.18 13:01:03.715,1.67036,1.67081,1.50,1.35
2013.06.18 13:01:03.782,1.67035,1.67081,1.50,1.35
2013.06.18 13:01:03.916,1.67032,1.67079,1.50,1.50
2013.06.18 13:01:04.454,1.67032,1.67082,1.50,2.25
2013.06.18 13:01:04.574,1.67033,1.67081,1.69,1.50
2013.06.18 13:01:04.814,1.67041,1.67086,2.25,1.50
2013.06.18 13:01:04.935,1.67044,1.67092,2.25,2.25
2013.06.18 13:01:04.994,1.67045,1.67092,1.50,1.50
2013.06.18 13:01:05.314,1.67049,1.67094,1.50,2.82
2013.06.18 13:01:05.374,1.67045,1.67095,1.50,3.20
2013.06.18 13:01:05.495,1.67045,1.67095,2.25,1.50
2013.06.18 13:01:05.856,1.67053,1.67097,1.50,1.32
2013.06.18 13:01:06.255,1.67053,1.67097,1.50,1.32
2013.06.18 13:01:06.896,1.67053,1.67097,1.50,1.69
2013.06.18 13:01:07.194,1.67047,1.67098,1.50,3.19
2013.06.18 13:01:07.665,1.67049,1.67101,3.00,1.13
2013.06.18 13:01:09.375,1.67049,1.67097,2.25,1.88
2013.06.18 13:01:09.734,1.67043,1.67085,1.13,2.25
2013.06.18 13:01:09.974,1.67045,1.6709,1.13,1.50
2013.06.18 13:01:10.034,1.67049,1.67092,1.13,1.13
2013.06.18 13:01:10.337,1.67051,1.67092,2.63,1.13
2013.06.18 13:01:10.515,1.67048,1.67093,1.50,1.88
2013.06.18 13:01:10.574,1.6705,1.67096,1.50,1.73
2013.06.18 13:01:10.724,1.67044,1.67092,1.50,1.13
2013.06.18 13:01:11.234,1.67047,1.67092,1.50,1.13
2013.06.18 13:01:12.025,1.67046,1.67092,1.50,2.48
2013.06.18 13:01:12.144,1.67043,1.67092,1.50,1.50
2013.06.18 13:01:12.445,1.67043,1.67091,2.25,1.50
2013.06.18 13:01:12.685,1.67048,1.67093,1.50,2.25
2013.06.18 13:01:13.346,1.67051,1.67095,1.50,2.25
2013.06.18 13:01:13.708,1.67056,1.67101,1.50,2.44
2013.06.18 13:01:14.115,1.67056,1.67101,1.50,2.44
2013.06.18 13:01:14.175,1.67056,1.6709,1.50,1.50
2013.06.18 13:01:14.537,1.67036,1.67076,1.50,3.23
2013.06.18 13:01:14.655,1.67032,1.67076,1.50,3.00
2013.06.18 13:01:14.985,1.67033,1.67076,2.25,1.50
2013.06.18 13:01:15.105,1.67042,1.67086,1.50,1.69
2013.06.18 13:01:15.164,1.67049,1.67087,1.50,1.13
2013.06.18 13:01:15.524,1.67049,1.67094,2.25,1.88
2013.06.18 13:01:15.615,1.67053,1.67094,1.50,1.13
2013.06.18 13:01:15.976,1.67054,1.67097,1.50,2.48
2013.06.18 13:01:16.155,1.67044,1.67089,2.25,1.50
2013.06.18 13:01:16.741,1.67047,1.67089,2.25,1.73
2013.06.18 13:01:17.904,1.67047,1.6709,1.50,1.35
2013.06.18 13:01:18.025,1.67036,1.67078,3.00,1.13
2013.06.18 13:01:18.085,1.67036,1.67078,1.50,2.48
2013.06.18 13:01:18.204,1.67033,1.67078,1.50,1.50
2013.06.18 13:01:18.265,1.67036,1.67079,1.50,1.13
2013.06.18 13:01:18.325,1.67036,1.67081,2.25,1.13
2013.06.18 13:01:18.627,1.67043,1.67087,1.50,2.29
2013.06.18 13:01:18.686,1.67047,1.67088,1.50,1.50
2013.06.18 13:01:18.747,1.67047,1.67093,2.25,2.44
2013.06.18 13:01:18.925,1.67052,1.67097,1.50,2.07
2013.06.18 13:01:19.475,1.67052,1.67097,1.50,1.13
2013.06.18 13:01:19.715,1.67047,1.67095,1.50,1.50
2013.06.18 13:01:19.955,1.6705,1.67096,2.25,1.32
2013.06.18 13:01:20.314,1.67047,1.67084,1.50,1.73
2013.06.18 13:01:20.374,1.67044,1.67084,1.50,1.73
2013.06.18 13:01:20.436,1.67044,1.67088,2.25,1.13
2013.06.18 13:01:20.497,1.67044,1.67089,2.25,1.88
2013.06.18 13:01:20.567,1.67048,1.67091,1.50,1.32
2013.06.18 13:01:20.924,1.67049,1.67094,1.50,2.07
2013.06.18 13:01:21.296,1.67049,1.67094,1.50,1.32
2013.06.18 13:01:21.481,1.67049,1.67094,2.25,1.32
2013.06.18 13:01:21.950,1.67046,1.67096,1.50,1.69
2013.06.18 13:01:22.018,1.67045,1.67095,1.50,1.88
2013.06.18 13:01:22.080,1.67045,1.67094,1.50,1.50
2013.06.18 13:01:22.208,1.6704,1.67092,2.25,2.25
2013.06.18 13:01:22.386,1.6704,1.67091,1.50,1.13
2013.06.18 13:01:22.625,1.67031,1.67078,2.25,1.35
2013.06.18 13:01:22.685,1.67033,1.67078,1.50,1.50
2013.06.18 13:01:23.044,1.6704,1.67085,1.50,1.50
2013.06.18 13:01:23.105,1.6704,1.67086,1.50,1.50
2013.06.18 13:01:23.164,1.67045,1.67091,1.50,1.88
2013.06.18 13:01:23.224,1.67045,1.67091,2.25,1.13
2013.06.18 13:01:23.404,1.67046,1.67092,1.50,1.69
2013.06.18 13:01:23.934,1.6705,1.67096,2.25,1.69
2013.06.18 13:01:24.304,1.6705,1.67096,3.00,1.50
2013.06.18 13:01:24.424,1.6705,1.67096,2.25,2.25
2013.06.18 13:01:24.665,1.67047,1.67097,1.50,1.50
2013.06.18 13:01:24.845,1.67045,1.67087,1.69,1.50
2013.06.18 13:01:25.204,1.67039,1.67084,1.50,1.50
2013.06.18 13:01:25.385,1.67031,1.67082,1.50,3.23
2013.06.18 13:01:25.565,1.67034,1.67076,1.50,1.50
2013.06.18 13:01:25.924,1.67039,1.67091,3.75,2.44
2013.06.18 13:01:26.164,1.67041,1.67091,2.25,1.69
2013.06.18 13:01:26.285,1.67044,1.67091,1.50,1.69
2013.06.18 13:01:27.555,1.67046,1.67091,1.50,1.69
2013.06.18 13:01:27.736,1.67042,1.67092,1.50,1.69
2013.06.18 13:01:27.976,1.67036,1.67086,2.25,1.13
2013.06.18 13:01:28.552,1.67036,1.67087,1.50,1.50
2013.06.18 13:01:28.875,1.67032,1.67086,2.25,1.50
2013.06.18 13:01:28.935,1.67032,1.67084,2.25,1.88
2013.06.18 13:01:30.625,1.67032,1.67077,1.50,1.50
2013.06.18 13:01:30.966,1.67029,1.67074,1.50,6.05
2013.06.18 13:01:31.085,1.6702,1.67068,1.50,1.13
2013.06.18 13:01:31.325,1.67016,1.67067,2.82,1.50
2013.06.18 13:01:31.445,1.67024,1.67069,2.25,1.50
2013.06.18 13:01:31.874,1.67024,1.67069,2.25,1.88
2013.06.18 13:01:32.374,1.67019,1.67069,2.44,1.50
2013.06.18 13:01:32.605,1.67019,1.67061,2.44,2.10
2013.06.18 13:01:32.845,1.67014,1.67049,2.25,1.13
2013.06.18 13:01:32.904,1.67016,1.67049,1.13,1.13
2013.06.18 13:01:33.146,1.67024,1.67051,1.13,1.50
2013.06.18 13:01:33.206,1.67024,1.6707,1.88,1.50
2013.06.18 13:01:33.325,1.6703,1.67077,1.50,2.07
2013.06.18 13:01:33.974,1.6703,1.67077,1.50,1.50
2013.06.18 13:01:35.085,1.67032,1.67077,2.25,1.50
2013.06.18 13:01:35.205,1.67035,1.67082,2.25,2.44
2013.06.18 13:01:35.505,1.67032,1.67081,1.50,1.54
2013.06.18 13:01:35.685,1.67029,1.67079,1.50,2.48
2013.06.18 13:01:35.805,1.67033,1.67079,1.13,1.35
2013.06.18 13:01:36.389,1.67029,1.6708,1.13,2.25
2013.06.18 13:01:36.715,1.67029,1.67075,1.13,2.25
2013.06.18 13:01:37.015,1.67018,1.67063,1.50,3.19
2013.06.18 13:01:37.076,1.67015,1.67065,1.50,1.69
2013.06.18 13:01:37.137,1.67017,1.67067,1.13,1.69
2013.06.18 13:01:37.495,1.67021,1.67067,1.13,2.25
2013.06.18 13:01:37.555,1.67025,1.67072,1.50,1.50
2013.06.18 13:01:37.914,1.67029,1.67074,1.50,2.25
2013.06.18 13:01:38.718,1.67028,1.67074,2.25,2.25
2013.06.18 13:01:38.835,1.67026,1.67075,2.25,1.50
2013.06.18 13:01:39.804,1.67028,1.67079,1.50,4.69
2013.06.18 13:01:39.864,1.6703,1.67079,1.13,2.25
2013.06.18 13:01:41.688,1.6703,1.67079,1.13,1.50
2013.06.18 13:01:42.045,1.67029,1.67074,1.50,1.50
2013.06.18 13:01:42.285,1.67024,1.67072,1.69,1.35
2013.06.18 13:01:42.734,1.67023,1.67072,2.44,1.35
2013.06.18 13:01:43.615,1.67023,1.67068,2.25,2.25
2013.06.18 13:01:44.442,1.67023,1.67063,2.25,1.50
2013.06.18 13:01:44.685,1.67012,1.6706,1.13,1.50
2013.06.18 13:01:44.805,1.67008,1.67056,1.69,1.50
2013.06.18 13:01:45.044,1.67002,1.67053,1.88,1.50
2013.06.18 13:01:45.104,1.67002,1.67053,1.13,1.50
2013.06.18 13:01:45.223,1.67003,1.67053,2.25,1.50
2013.06.18 13:01:45.675,1.67004,1.67055,2.25,1.50
2013.06.18 13:01:46.224,1.67009,1.67058,1.13,1.50
2013.06.18 13:01:46.285,1.67009,1.6706,1.13,1.13
2013.06.18 13:01:47.389,1.67009,1.6706,1.13,1.50
2013.06.18 13:01:47.726,1.67004,1.67053,1.13,2.25
2013.06.18 13:01:47.904,1.67003,1.67051,3.19,1.50
2013.06.18 13:01:48.024,1.67003,1.67051,3.19,1.50
2013.06.18 13:01:48.205,1.66997,1.67042,1.50,1.50
2013.06.18 13:01:48.264,1.66997,1.67042,1.50,2.25
2013.06.18 13:01:48.385,1.66992,1.6704,1.69,1.50
2013.06.18 13:01:49.724,1.66987,1.67038,2.25,1.50
2013.06.18 13:01:49.785,1.66982,1.67033,1.69,1.50
2013.06.18 13:01:50.815,1.66983,1.67033,1.69,1.50
2013.06.18 13:01:51.469,1.66983,1.67032,1.50,1.50
2013.06.18 13:01:51.779,1.66987,1.67035,1.50,1.50
2013.06.18 13:01:51.905,1.66996,1.6704,1.50,1.69
2013.06.18 13:01:51.966,1.66998,1.67041,2.25,1.13
2013.06.18 13:01:52.267,1.66998,1.67036,1.50,3.75
2013.06.18 13:01:52.325,1.66997,1.67036,1.50,3.75
2013.06.18 13:01:52.385,1.66998,1.67043,1.50,1.69
2013.06.18 13:01:52.566,1.67001,1.67043,1.50,1.32
2013.06.18 13:01:52.626,1.67002,1.67046,1.50,1.32
2013.06.18 13:01:52.745,1.67002,1.67047,1.50,1.50
2013.06.18 13:01:52.926,1.67003,1.67051,1.50,1.13
2013.06.18 13:01:53.225,1.67013,1.67053,2.25,1.50
2013.06.18 13:01:53.346,1.67015,1.6706,1.50,1.88
2013.06.18 13:01:53.841,1.67015,1.67064,1.50,1.50
2013.06.18 13:01:54.224,1.67013,1.67062,2.25,1.50
2013.06.18 13:01:56.046,1.6701,1.6706,2.44,1.50
2013.06.18 13:01:56.794,1.6701,1.67057,2.44,1.50
2013.06.18 13:01:57.155,1.67012,1.6706,1.50,1.50
2013.06.18 13:01:57.216,1.67009,1.6706,3.00,1.50
2013.06.18 13:01:57.275,1.67009,1.67058,2.25,1.50
2013.06.18 13:01:57.584,1.67009,1.67054,1.50,1.35
2013.06.18 13:01:58.384,1.67009,1.67054,1.50,1.35
2013.06.18 13:01:59.004,1.67008,1.67053,1.69,1.50
2013.06.18 13:02:00.475,1.67004,1.67052,2.25,1.13
2013.06.18 13:02:04.049,1.67004,1.67052,1.50,2.25
2013.06.18 13:02:04.296,1.67,1.67048,1.50,1.50
2013.06.18 13:02:04.357,1.66999,1.67048,2.25,3.00
2013.06.18 13:02:04.475,1.67,1.67048,1.50,2.63
2013.06.18 13:02:04.656,1.67001,1.67048,1.50,3.00
2013.06.18 13:02:05.587,1.67001,1.67047,1.50,1.50
2013.06.18 13:02:07.235,1.67005,1.67047,1.50,1.69
2013.06.18 13:02:07.914,1.67003,1.67047,1.50,2.25
2013.06.18 13:02:08.630,1.67002,1.67047,1.50,2.25
2013.06.18 13:02:09.915,1.67002,1.67047,1.50,1.50
2013.06.18 13:02:11.074,1.67004,1.67049,1.50,1.32
2013.06.18 13:02:11.186,1.67004,1.67049,1.50,1.32
2013.06.18 13:02:11.869,1.67001,1.67049,1.50,2.63
2013.06.18 13:02:12.295,1.66998,1.67048,1.50,2.25
2013.06.18 13:02:12.415,1.66997,1.67046,1.50,1.50
2013.06.18 13:02:13.042,1.66997,1.67046,1.50,1.50
2013.06.18 13:02:13.373,1.66995,1.67046,1.50,1.50
2013.06.18 13:02:13.439,1.66993,1.67046,3.75,3.00
2013.06.18 13:02:14.785,1.66995,1.67046,1.50,1.50
2013.06.18 13:02:14.844,1.66997,1.67046,1.50,1.50
2013.06.18 13:02:15.383,1.66997,1.67046,2.25,1.50
2013.06.18 13:02:16.344,1.66997,1.67046,1.50,1.50
2013.06.18 13:02:16.705,1.66993,1.67033,1.50,1.50
2013.06.18 13:02:17.073,1.66988,1.67023,1.50,1.13
2013.06.18 13:02:17.315,1.66987,1.67024,1.50,2.63
2013.06.18 13:02:18.602,1.66987,1.67028,1.50,3.00
2013.06.18 13:02:18.670,1.66988,1.6703,1.50,1.50
2013.06.18 13:02:18.735,1.66988,1.67033,1.50,1.88
2013.06.18 13:02:19.095,1.66996,1.67037,1.50,1.50
2013.06.18 13:02:19.334,1.66991,1.67038,3.00,2.85
2013.06.18 13:02:19.694,1.66987,1.67034,1.50,1.50
2013.06.18 13:02:20.934,1.66987,1.67038,2.25,2.25
2013.06.18 13:02:21.574,1.66989,1.67038,1.50,1.35
2013.06.18 13:02:21.634,1.66989,1.67038,2.25,1.35
2013.06.18 13:02:21.915,1.66989,1.67041,2.25,1.88
2013.06.18 13:02:22.805,1.66993,1.6704,1.50,1.35
2013.06.18 13:02:23.045,1.66989,1.67039,2.25,1.88
2013.06.18 13:02:23.604,1.66993,1.67039,1.50,1.35
2013.06.18 13:02:23.664,1.66994,1.67041,1.50,1.50
2013.06.18 13:02:23.784,1.66993,1.67039,1.50,1.50
2013.06.18 13:02:23.844,1.66996,1.67043,2.25,2.48
2013.06.18 13:02:23.906,1.67001,1.67043,1.50,1.73
2013.06.18 13:02:24.025,1.66993,1.67046,3.00,1.73
2013.06.18 13:02:24.280,1.66988,1.67037,1.50,1.50
2013.06.18 13:02:27.414,1.6699,1.67038,1.50,1.35
2013.06.18 13:02:27.774,1.66996,1.67038,1.50,1.35
2013.06.18 13:02:28.194,1.66988,1.6704,2.25,2.25
2013.06.18 13:02:28.705,1.66992,1.67033,1.50,1.50
2013.06.18 13:02:29.005,1.66992,1.67038,1.50,2.10
2013.06.18 13:02:29.424,1.66997,1.6704,1.50,1.13
2013.06.18 13:02:30.424,1.66995,1.6704,1.50,1.50
2013.06.18 13:02:30.725,1.6699,1.67039,1.13,2.25
2013.06.18 13:02:30.785,1.6699,1.6704,1.13,1.50
2013.06.18 13:02:30.966,1.66995,1.6704,1.50,1.50
2013.06.18 13:02:31.154,1.66991,1.6704,1.50,1.50
2013.06.18 13:02:31.635,1.66992,1.6704,1.50,3.75
2013.06.18 13:02:31.995,1.66986,1.67034,1.69,1.50
2013.06.18 13:02:32.315,1.66985,1.67031,3.38,1.50
2013.06.18 13:02:33.124,1.66985,1.67034,4.13,1.50
2013.06.18 13:02:33.244,1.66985,1.67033,3.38,1.50
2013.06.18 13:02:33.645,1.66981,1.67028,3.00,1.13
2013.06.18 13:02:33.704,1.66982,1.67031,1.50,1.50
2013.06.18 13:02:33.967,1.66993,1.67038,1.50,1.50
2013.06.18 13:02:34.166,1.66989,1.6704,1.50,1.50
2013.06.18 13:02:34.285,1.66988,1.6704,1.50,1.50
2013.06.18 13:02:34.505,1.66987,1.67039,1.50,1.50
2013.06.18 13:02:34.844,1.66987,1.67037,1.50,1.50
2013.06.18 13:02:37.276,1.66989,1.67039,1.50,1.50
2013.06.18 13:02:37.958,1.66989,1.67036,1.50,2.25
2013.06.18 13:02:38.508,1.66989,1.67034,1.50,1.50
2013.06.18 13:02:38.565,1.66985,1.67033,1.50,1.35
2013.06.18 13:02:38.804,1.66987,1.67033,1.50,1.50
2013.06.18 13:02:39.317,1.66995,1.67033,1.50,1.54
2013.06.18 13:02:39.958,1.6699,1.67035,1.50,1.50
2013.06.18 13:02:40.014,1.66989,1.67035,1.50,1.50
2013.06.18 13:02:40.074,1.66989,1.67035,1.50,1.50
2013.06.18 13:02:41.605,1.6699,1.67035,1.50,1.50
2013.06.18 13:02:42.003,1.66995,1.67037,1.50,1.54
2013.06.18 13:02:42.066,1.66995,1.67038,1.50,1.92
2013.06.18 13:02:43.107,1.66993,1.67037,1.50,1.54
2013.06.18 13:02:43.525,1.66993,1.67037,1.50,2.29
2013.06.18 13:02:43.885,1.66987,1.67028,1.50,1.69
2013.06.18 13:02:43.946,1.66987,1.67027,1.50,1.69
2013.06.18 13:02:44.126,1.66975,1.67025,1.50,4.92
2013.06.18 13:02:44.246,1.66975,1.67023,2.25,1.69
2013.06.18 13:02:44.305,1.66975,1.67025,1.50,3.94
2013.06.18 13:02:44.805,1.66971,1.67019,1.50,1.50
2013.06.18 13:02:45.164,1.66975,1.67019,1.50,2.44
2013.06.18 13:02:45.224,1.66975,1.6702,2.25,1.69
2013.06.18 13:02:45.344,1.66978,1.67025,1.50,1.69
2013.06.18 13:02:45.564,1.66977,1.67025,1.50,1.69
2013.06.18 13:02:45.652,1.66975,1.67025,1.50,1.69
2013.06.18 13:02:45.717,1.6697,1.67019,1.50,1.50
2013.06.18 13:02:45.775,1.66968,1.67019,1.50,2.25
2013.06.18 13:02:46.897,1.66969,1.67019,1.50,1.50
2013.06.18 13:02:47.075,1.66973,1.6702,2.25,2.25
2013.06.18 13:02:47.136,1.66979,1.67026,1.50,2.07
2013.06.18 13:02:48.146,1.66979,1.67026,1.50,2.07
2013.06.18 13:02:48.564,1.66975,1.67027,1.50,2.44
2013.06.18 13:02:48.714,1.66972,1.67024,1.50,1.69
2013.06.18 13:02:48.775,1.66977,1.67027,1.50,1.69
2013.06.18 13:02:48.834,1.66978,1.67025,1.50,1.32
2013.06.18 13:02:49.995,1.66977,1.67027,1.50,1.13
2013.06.18 13:02:50.554,1.66974,1.67024,1.50,1.88
2013.06.18 13:02:51.754,1.66974,1.67024,2.25,1.88
2013.06.18 13:02:51.936,1.66973,1.67023,1.50,1.13
2013.06.18 13:02:51.995,1.66974,1.67024,1.50,1.69
2013.06.18 13:02:52.327,1.6698,1.67025,1.50,1.32
2013.06.18 13:02:52.836,1.66983,1.67027,1.50,1.13
2013.06.18 13:02:53.195,1.66986,1.67031,1.50,1.69
2013.06.18 13:02:53.385,1.66979,1.67028,1.50,1.50
2013.06.18 13:02:53.564,1.66979,1.67028,1.69,1.50
2013.06.18 13:02:53.685,1.66983,1.67032,1.69,1.50
2013.06.18 13:02:53.745,1.66981,1.67031,3.19,1.50
2013.06.18 13:02:54.104,1.66981,1.67019,2.25,2.25
2013.06.18 13:02:54.224,1.66977,1.67019,1.50,2.25
2013.06.18 13:02:54.285,1.66969,1.67014,1.50,1.50
2013.06.18 13:02:54.645,1.66965,1.67013,1.50,1.73
2013.06.18 13:02:54.886,1.66965,1.67013,1.50,1.73
2013.06.18 13:02:55.436,1.66963,1.67013,1.50,1.73
2013.06.18 13:02:55.734,1.66967,1.67015,1.50,1.50
2013.06.18 13:02:55.795,1.66967,1.67019,2.25,3.94
2013.06.18 13:02:56.244,1.66963,1.67013,2.25,1.50
2013.06.18 13:02:56.304,1.66963,1.67013,1.50,1.50
2013.06.18 13:02:59.024,1.66963,1.67013,2.25,1.50
2013.06.18 13:02:59.417,1.66968,1.67016,1.50,1.54
2013.06.18 13:03:00.166,1.66969,1.67018,1.50,1.50
2013.06.18 13:03:00.547,1.66969,1.67018,1.50,1.50
2013.06.18 13:03:00.907,1.66973,1.67018,1.50,1.50
2013.06.18 13:03:01.087,1.66978,1.67023,1.50,1.69
2013.06.18 13:03:01.815,1.66981,1.67026,1.50,1.69
2013.06.18 13:03:02.557,1.66978,1.67026,1.50,1.50
2013.06.18 13:03:02.675,1.6698,1.6703,1.50,1.50
2013.06.18 13:03:02.735,1.66981,1.67031,1.50,1.50
2013.06.18 13:03:03.485,1.66981,1.67027,1.50,1.50
2013.06.18 13:03:03.604,1.66971,1.67022,2.07,1.50
2013.06.18 13:03:03.665,1.66971,1.67019,1.32,1.50
2013.06.18 13:03:04.155,1.6697,1.67022,2.44,1.50
2013.06.18 13:03:04.626,1.6697,1.67022,2.44,1.50
2013.06.18 13:03:06.732,1.6697,1.67022,2.44,1.50
2013.06.18 13:03:07.165,1.6697,1.67019,1.69,2.25
2013.06.18 13:03:07.705,1.6697,1.67018,1.69,1.35
2013.06.18 13:03:08.664,1.6697,1.67018,1.69,1.35
2013.06.18 13:03:12.254,1.66971,1.67019,3.00,3.23
2013.06.18 13:03:12.775,1.66969,1.67018,1.69,3.60
2013.06.18 13:03:13.136,1.66968,1.67015,2.25,1.50
2013.06.18 13:03:13.196,1.66968,1.67018,3.00,2.85
2013.06.18 13:03:13.985,1.6697,1.67018,1.50,1.35
2013.06.18 13:03:14.045,1.66977,1.67018,1.50,1.35
2013.06.18 13:03:14.359,1.66982,1.6702,1.50,1.17
2013.06.18 13:03:16.178,1.66983,1.67026,1.50,2.29
2013.06.18 13:03:16.236,1.66983,1.67027,1.50,1.50
2013.06.18 13:03:16.394,1.66987,1.67033,1.50,1.69
2013.06.18 13:03:16.455,1.66989,1.67034,1.50,1.69
2013.06.18 13:03:16.635,1.66992,1.67039,1.50,2.82
2013.06.18 13:03:19.215,1.66993,1.67039,1.50,2.07
2013.06.18 13:03:19.606,1.66997,1.67041,1.50,1.32
2013.06.18 13:03:19.789,1.66989,1.67041,1.50,1.69
2013.06.18 13:03:19.848,1.66989,1.67041,1.50,1.50
2013.06.18 13:03:19.967,1.66989,1.6704,1.50,1.50
2013.06.18 13:03:20.025,1.66987,1.67037,1.13,2.25
2013.06.18 13:03:20.687,1.66987,1.67037,1.50,1.88
2013.06.18 13:03:20.746,1.66993,1.67038,1.50,1.88
2013.06.18 13:03:20.927,1.66993,1.67038,1.50,1.50
2013.06.18 13:03:21.195,1.66993,1.67038,1.50,1.88
2013.06.18 13:03:21.376,1.66989,1.67039,1.50,1.88
2013.06.18 13:03:21.678,1.66989,1.67039,1.50,1.13
2013.06.18 13:03:21.995,1.66994,1.67039,1.50,1.13
2013.06.18 13:03:22.355,1.66999,1.67045,2.25,1.92
2013.06.18 13:03:22.886,1.66999,1.67045,1.50,1.54
2013.06.18 13:03:23.006,1.66996,1.67043,2.25,1.13
2013.06.18 13:03:23.485,1.66996,1.67047,1.50,2.25
2013.06.18 13:03:23.815,1.66994,1.67043,3.00,1.50
2013.06.18 13:03:24.134,1.66996,1.67045,2.25,1.54
2013.06.18 13:03:24.525,1.67004,1.67045,1.50,1.17
2013.06.18 13:03:24.707,1.67004,1.67048,1.50,1.17
2013.06.18 13:03:25.356,1.67004,1.67048,1.50,2.10
2013.06.18 13:03:25.535,1.67,1.67047,1.50,1.88
2013.06.18 13:03:26.626,1.67,1.67046,1.50,2.25
2013.06.18 13:03:26.745,1.66995,1.67044,2.25,1.69
2013.06.18 13:03:27.066,1.66991,1.67038,2.25,1.35
2013.06.18 13:03:27.128,1.66991,1.67038,2.25,1.35
2013.06.18 13:03:27.187,1.66988,1.67038,1.50,3.42
2013.06.18 13:03:27.305,1.66984,1.67034,1.50,4.32
2013.06.18 13:03:27.364,1.66985,1.67034,1.50,4.32
2013.06.18 13:03:27.725,1.66988,1.67034,1.50,1.50
2013.06.18 13:03:28.055,1.66989,1.67034,2.25,1.69
2013.06.18 13:03:28.174,1.66995,1.67038,1.50,2.29
2013.06.18 13:03:28.695,1.66994,1.67038,1.50,2.29
2013.06.18 13:03:28.755,1.66994,1.67038,1.50,2.29
2013.06.18 13:03:28.874,1.66987,1.67036,1.50,1.50
2013.06.18 13:03:28.995,1.66982,1.67034,1.50,1.50
2013.06.18 13:03:29.234,1.66982,1.67032,1.50,1.50
2013.06.18 13:03:29.355,1.66978,1.67028,1.69,1.50
2013.06.18 13:03:31.536,1.66978,1.67027,1.50,3.19
2013.06.18 13:03:31.956,1.66974,1.67024,1.50,2.25
2013.06.18 13:03:32.195,1.66968,1.6702,2.44,2.25
2013.06.18 13:03:32.494,1.66971,1.67021,2.25,1.50
2013.06.18 13:03:32.795,1.66972,1.67023,1.50,2.82
2013.06.18 13:03:33.155,1.66976,1.67026,2.25,2.82
2013.06.18 13:03:33.776,1.66978,1.67026,1.50,1.13
2013.06.18 13:03:34.199,1.66981,1.67027,1.50,1.50
2013.06.18 13:03:34.265,1.66979,1.67027,1.50,1.50
2013.06.18 13:03:34.325,1.66979,1.67025,1.50,1.50
2013.06.18 13:03:34.386,1.6698,1.67029,1.50,1.69
2013.06.18 13:03:34.685,1.66982,1.6703,1.50,1.32
2013.06.18 13:03:34.806,1.66984,1.6703,2.25,1.32
2013.06.18 13:03:34.984,1.6699,1.67034,1.50,1.13
2013.06.18 13:03:35.346,1.66991,1.67035,1.50,1.17
2013.06.18 13:03:35.466,1.66992,1.67038,1.50,2.82
2013.06.18 13:03:35.745,1.66992,1.67038,1.50,2.07
2013.06.18 13:03:36.047,1.67001,1.67038,1.50,1.13
2013.06.18 13:03:36.164,1.66995,1.67038,1.50,1.13
2013.06.18 13:03:36.345,1.66989,1.67039,2.25,4.17
2013.06.18 13:03:36.466,1.6699,1.67031,1.50,1.13
2013.06.18 13:03:37.066,1.66981,1.67029,1.50,1.13
2013.06.18 13:03:38.082,1.66978,1.67027,1.50,1.73
2013.06.18 13:03:38.325,1.66973,1.67025,1.69,1.50
2013.06.18 13:03:38.565,1.66972,1.67023,2.25,1.13
2013.06.18 13:03:38.687,1.66973,1.67023,1.50,1.13
2013.06.18 13:03:39.048,1.66984,1.67029,2.25,1.17
2013.06.18 13:03:39.226,1.66984,1.67029,1.50,1.17
2013.06.18 13:03:39.926,1.66985,1.6703,1.50,2.44
2013.06.18 13:03:40.286,1.66993,1.67029,1.50,2.10
2013.06.18 13:03:40.465,1.66993,1.67029,2.25,2.25
2013.06.18 13:03:40.525,1.66993,1.67036,2.25,2.07
2013.06.18 13:03:40.705,1.66994,1.67037,1.50,2.07
2013.06.18 13:03:40.945,1.66991,1.67037,1.50,1.13
2013.06.18 13:03:41.655,1.66993,1.67037,1.50,1.13
2013.06.18 13:03:42.015,1.66995,1.6704,2.25,1.32
2013.06.18 13:03:42.076,1.66992,1.6704,1.50,1.13
2013.06.18 13:03:42.315,1.66997,1.67041,1.50,1.92
2013.06.18 13:03:42.615,1.66994,1.67041,1.50,1.54
2013.06.18 13:03:43.155,1.66995,1.67041,1.50,1.35
2013.06.18 13:03:44.197,1.66995,1.67041,1.50,1.35
2013.06.18 13:03:44.496,1.66995,1.67045,1.50,1.88
2013.06.18 13:03:44.778,1.66995,1.67045,2.25,1.88
2013.06.18 13:03:45.096,1.66998,1.67046,2.25,2.25
2013.06.18 13:03:45.157,1.67003,1.67047,1.50,2.67
2013.06.18 13:03:45.416,1.66999,1.67046,1.50,1.50
2013.06.18 13:03:46.805,1.66999,1.67046,1.50,2.25
2013.06.18 13:03:47.047,1.66999,1.67046,1.50,1.50
2013.06.18 13:03:47.167,1.66997,1.67047,1.50,1.50
2013.06.18 13:03:47.227,1.66996,1.67048,1.50,3.04
2013.06.18 13:03:47.406,1.66997,1.67048,1.50,1.54
2013.06.18 13:03:47.792,1.67007,1.67048,2.25,1.92
2013.06.18 13:03:48.314,1.67008,1.67048,1.50,1.92
2013.06.18 13:03:48.634,1.67012,1.67048,1.50,1.13
2013.06.18 13:03:51.605,1.67012,1.67048,1.50,1.13
2013.06.18 13:03:51.785,1.67008,1.6705,1.50,3.00
2013.06.18 13:03:51.905,1.67008,1.6705,1.50,1.50
2013.06.18 13:03:52.355,1.67003,1.67049,2.25,1.50
2013.06.18 13:03:52.595,1.66998,1.67047,1.69,3.98
2013.06.18 13:03:53.525,1.66999,1.67047,1.69,3.98
2013.06.18 13:03:57.113,1.67003,1.67047,1.69,2.67
2013.06.18 13:03:57.924,1.67007,1.67047,1.50,2.67
2013.06.18 13:03:58.285,1.6701,1.67047,1.69,2.48
2013.06.18 13:03:58.345,1.6701,1.67049,1.69,1.13
2013.06.18 13:03:58.405,1.67011,1.67049,1.69,1.13
2013.06.18 13:03:58.764,1.67014,1.6705,1.50,1.73
2013.06.18 13:03:59.004,1.67014,1.67051,2.25,1.35
2013.06.18 13:04:01.135,1.67014,1.67052,1.50,1.50
2013.06.18 13:04:01.895,1.6701,1.67051,1.50,1.35
2013.06.18 13:04:03.646,1.67006,1.67051,1.50,1.50
2013.06.18 13:04:03.706,1.67007,1.6705,3.00,1.73
2013.06.18 13:04:04.246,1.6701,1.6705,1.50,1.73
2013.06.18 13:04:04.868,1.6701,1.6705,1.50,1.73
2013.06.18 13:04:05.176,1.67012,1.67051,1.50,1.35
2013.06.18 13:04:05.596,1.67015,1.67051,1.50,1.35
2013.06.18 13:04:07.495,1.67016,1.67051,1.50,1.50
2013.06.18 13:04:08.525,1.67005,1.67051,1.50,1.50
2013.06.18 13:04:08.871,1.66992,1.67042,1.69,1.50
2013.06.18 13:04:09.275,1.66989,1.67039,2.44,1.50
2013.06.18 13:04:09.395,1.66989,1.67038,1.13,1.50
2013.06.18 13:04:09.520,1.66989,1.67039,1.69,2.25
2013.06.18 13:04:11.765,1.66989,1.67039,2.25,1.50
2013.06.18 13:04:11.905,1.6699,1.67039,1.50,1.50
2013.06.18 13:04:12.387,1.66994,1.67039,1.50,1.50
2013.06.18 13:04:12.695,1.66999,1.67039,1.50,1.50
2013.06.18 13:04:12.815,1.67001,1.67041,1.50,1.50
2013.06.18 13:04:13.564,1.67011,1.67051,1.50,1.50
2013.06.18 13:04:15.474,1.67009,1.67051,1.50,1.50
2013.06.18 13:04:15.945,1.67005,1.67051,2.25,1.50
2013.06.18 13:04:16.065,1.67005,1.67051,1.50,2.10
2013.06.18 13:04:16.245,1.67006,1.67051,1.50,2.10
2013.06.18 13:04:16.485,1.67004,1.6705,1.50,1.13
2013.06.18 13:04:16.545,1.67004,1.6705,1.50,1.88
2013.06.18 13:04:16.725,1.67001,1.6705,1.50,1.50
2013.06.18 13:04:16.785,1.67,1.67051,1.50,3.75
2013.06.18 13:04:23.281,1.67,1.6705,1.50,1.50
2013.06.18 13:04:23.472,1.66996,1.67046,2.25,1.50
2013.06.18 13:04:28.715,1.66995,1.67045,1.50,1.50
2013.06.18 13:04:28.776,1.66992,1.67043,1.50,1.50
2013.06.18 13:04:29.195,1.66991,1.67041,2.25,1.35
2013.06.18 13:04:31.977,1.66991,1.67041,1.50,1.54
2013.06.18 13:04:32.277,1.66986,1.67035,1.69,1.50
2013.06.18 13:04:32.336,1.66982,1.67034,1.50,1.50
2013.06.18 13:04:32.400,1.66981,1.67033,1.50,1.50
2013.06.18 13:04:32.705,1.6698,1.67032,1.50,4.50
2013.06.18 13:04:32.765,1.66977,1.67027,3.00,1.50
2013.06.18 13:04:32.884,1.66977,1.67026,3.00,1.50
2013.06.18 13:04:33.393,1.66977,1.67026,1.50,1.50
2013.06.18 13:04:34.245,1.66977,1.67027,2.25,4.13
2013.06.18 13:04:34.545,1.6698,1.67027,1.50,3.38
2013.06.18 13:04:35.015,1.66979,1.67031,1.50,2.07
2013.06.18 13:04:35.257,1.66977,1.67031,2.25,3.42
2013.06.18 13:04:35.316,1.66977,1.67026,2.25,1.92
2013.06.18 13:04:35.376,1.66977,1.67026,1.50,3.42
2013.06.18 13:04:35.735,1.66967,1.67017,2.25,1.50
2013.06.18 13:04:36.045,1.66975,1.67017,1.50,1.13
2013.06.18 13:04:36.817,1.66975,1.6702,1.50,2.63
2013.06.18 13:04:37.685,1.66975,1.6702,1.50,1.88
2013.06.18 13:04:37.748,1.66976,1.6702,1.50,1.13
2013.06.18 13:04:38.947,1.66973,1.67019,1.50,1.50
2013.06.18 13:04:39.307,1.66974,1.67017,1.50,7.73
2013.06.18 13:04:39.546,1.66977,1.67019,1.50,1.32
2013.06.18 13:04:39.985,1.66978,1.67021,1.50,1.13
2013.06.18 13:04:40.525,1.66974,1.67024,2.25,1.69
2013.06.18 13:04:40.705,1.66967,1.67018,1.50,1.50
2013.06.18 13:04:40.945,1.66972,1.67022,2.25,2.07
2013.06.18 13:04:41.005,1.66973,1.67022,1.50,1.32
2013.06.18 13:04:41.537,1.66975,1.67023,1.50,1.50
2013.06.18 13:04:42.006,1.66976,1.67026,1.50,2.67
2013.06.18 13:04:42.366,1.6698,1.67028,1.50,1.35
2013.06.18 13:04:42.675,1.66976,1.67025,1.50,1.32
2013.06.18 13:04:42.917,1.66977,1.67026,1.50,1.50
2013.06.18 13:04:42.975,1.6698,1.67026,1.50,1.50
2013.06.18 13:04:43.096,1.66983,1.67028,1.50,1.50
2013.06.18 13:04:43.655,1.66979,1.67029,2.25,1.50
2013.06.18 13:04:44.216,1.66983,1.67032,1.50,1.32
2013.06.18 13:04:44.397,1.66983,1.67034,1.50,2.82
2013.06.18 13:04:44.785,1.66987,1.67035,2.25,1.69
2013.06.18 13:04:45.026,1.66989,1.67036,1.50,2.07
2013.06.18 13:04:45.532,1.66992,1.67036,1.50,2.07
2013.06.18 13:04:45.716,1.66992,1.67036,1.50,2.07
2013.06.18 13:04:46.941,1.66992,1.67036,1.50,1.69
2013.06.18 13:04:47.065,1.66988,1.67038,1.50,2.25
2013.06.18 13:04:47.125,1.66986,1.67032,1.50,1.50
2013.06.18 13:04:47.185,1.66984,1.6703,3.00,1.50
2013.06.18 13:04:47.341,1.66986,1.67031,1.50,2.25
2013.06.18 13:04:47.407,1.66987,1.67031,1.50,1.50
2013.06.18 13:04:48.185,1.66987,1.67031,2.25,1.13
2013.06.18 13:04:48.664,1.66984,1.67031,2.25,1.13
2013.06.18 13:04:51.716,1.66986,1.67031,2.25,1.13
2013.06.18 13:04:51.956,1.66986,1.67032,2.25,1.50
2013.06.18 13:04:52.015,1.66992,1.67035,1.50,1.13
2013.06.18 13:04:52.075,1.66994,1.67038,1.50,1.13
2013.06.18 13:04:52.331,1.66989,1.67039,1.50,3.38
2013.06.18 13:04:52.395,1.66988,1.67034,1.50,1.13
2013.06.18 13:04:53.006,1.66988,1.67034,1.50,1.88
2013.06.18 13:04:53.775,1.66993,1.67039,2.25,1.88
2013.06.18 13:04:54.237,1.66994,1.67039,1.50,1.88
2013.06.18 13:04:54.666,1.66994,1.67039,1.50,1.13
2013.06.18 13:04:56.036,1.66994,1.67039,1.69,1.13
2013.06.18 13:04:56.216,1.66994,1.67039,2.25,1.13
2013.06.18 13:04:56.643,1.67,1.67044,1.50,1.92
2013.06.18 13:04:57.880,1.67,1.67044,1.50,1.92
2013.06.18 13:04:59.725,1.66992,1.6704,1.69,1.13
2013.06.18 13:04:59.845,1.6699,1.6704,1.69,1.35
2013.06.18 13:05:00.442,1.66995,1.6704,1.69,1.73
2013.06.18 13:05:01.109,1.66999,1.67044,2.44,1.17
2013.06.18 13:05:01.945,1.66999,1.67046,1.50,1.73
2013.06.18 13:05:02.452,1.67,1.67041,1.50,2.10
2013.06.18 13:05:03.175,1.67,1.67041,1.50,2.10
2013.06.18 13:05:03.586,1.67002,1.67041,1.50,2.82
2013.06.18 13:05:03.647,1.67002,1.67045,1.50,1.32
2013.06.18 13:05:03.707,1.67003,1.67047,2.25,1.17
2013.06.18 13:05:03.945,1.66999,1.67044,1.50,1.50
2013.06.18 13:05:04.306,1.66999,1.67042,1.50,1.69
2013.06.18 13:05:06.923,1.66989,1.67036,2.25,1.35
2013.06.18 13:05:06.990,1.66985,1.67033,1.88,1.35
2013.06.18 13:05:07.057,1.66985,1.6703,1.13,1.35
2013.06.18 13:05:07.435,1.66979,1.67024,1.69,1.50
2013.06.18 13:05:07.615,1.66979,1.67024,1.50,1.50
2013.06.18 13:05:07.676,1.66979,1.67024,1.69,1.50
2013.06.18 13:05:07.915,1.66986,1.67031,1.50,1.13
2013.06.18 13:05:07.977,1.66986,1.67032,1.50,2.25
2013.06.18 13:05:08.346,1.66995,1.67033,1.50,2.25
2013.06.18 13:05:08.866,1.66994,1.67033,1.50,1.50
2013.06.18 13:05:09.049,1.66995,1.67035,1.50,1.50
2013.06.18 13:05:09.305,1.66999,1.67036,1.50,3.00
2013.06.18 13:05:09.666,1.66999,1.67034,1.50,4.50
2013.06.18 13:05:10.157,1.66994,1.6703,1.50,1.50
2013.06.18 13:05:10.457,1.66994,1.6703,1.50,6.00
2013.06.18 13:05:10.575,1.66994,1.67033,1.50,4.50
2013.06.18 13:05:10.695,1.66997,1.67033,1.50,4.50
2013.06.18 13:05:11.945,1.66993,1.67033,2.25,4.69
2013.06.18 13:05:12.005,1.66993,1.67031,1.50,6.75
2013.06.18 13:05:12.244,1.6699,1.67031,1.50,6.75
2013.06.18 13:05:13.901,1.6699,1.67031,1.50,6.75
2013.06.18 13:05:15.415,1.66994,1.67024,1.50,6.00
2013.06.18 13:05:15.536,1.66988,1.67024,1.50,6.75
2013.06.18 13:05:15.595,1.66988,1.67021,1.50,6.00
2013.06.18 13:05:16.105,1.66984,1.67021,1.50,6.75
2013.06.18 13:05:16.405,1.66984,1.67024,1.50,6.94
2013.06.18 13:05:16.585,1.66984,1.67021,1.50,6.75
2013.06.18 13:05:17.134,1.66984,1.67021,1.50,6.75
2013.06.18 13:05:17.975,1.66985,1.67021,1.50,6.75
2013.06.18 13:05:18.267,1.66982,1.67021,1.50,6.75
2013.06.18 13:05:18.448,1.66982,1.67024,1.50,6.94
2013.06.18 13:05:19.079,1.66983,1.67024,1.50,6.75
2013.06.18 13:05:19.136,1.66983,1.67027,1.50,4.69
2013.06.18 13:05:19.197,1.66983,1.67027,1.50,4.69
2013.06.18 13:05:19.560,1.66994,1.67031,1.50,6.00
2013.06.18 13:05:19.685,1.66989,1.67031,1.50,6.75
2013.06.18 13:05:20.191,1.66988,1.67031,1.50,6.75
2013.06.18 13:05:21.035,1.66986,1.6703,1.50,2.25
2013.06.18 13:05:24.081,1.66986,1.6703,1.50,4.50
2013.06.18 13:05:24.147,1.66986,1.6703,1.69,3.75
2013.06.18 13:05:24.855,1.66991,1.6703,1.50,6.00
2013.06.18 13:05:25.036,1.66986,1.6703,2.44,6.75
2013.06.18 13:05:25.095,1.66986,1.67027,2.44,4.50
2013.06.18 13:05:25.927,1.66986,1.67031,2.25,7.50
2013.06.18 13:05:28.565,1.6699,1.67031,1.50,6.75
2013.06.18 13:05:29.105,1.6699,1.67026,1.50,1.50
2013.06.18 13:05:29.435,1.66989,1.67024,1.50,1.13
2013.06.18 13:05:29.495,1.66984,1.67026,1.50,2.25
2013.06.18 13:05:29.555,1.66982,1.67022,1.50,2.25
2013.06.18 13:05:30.182,1.66981,1.67022,1.50,2.25
2013.06.18 13:05:30.247,1.66982,1.67022,1.50,1.50
2013.06.18 13:05:30.425,1.66985,1.67024,2.25,1.13
2013.06.18 13:05:30.605,1.66985,1.67021,3.19,6.38
2013.06.18 13:05:30.847,1.66985,1.67018,3.19,1.50
2013.06.18 13:05:32.427,1.66988,1.67024,1.69,1.50
2013.06.18 13:05:32.608,1.6699,1.67025,2.44,2.25
2013.06.18 13:05:33.326,1.66992,1.67032,1.69,1.73
2013.06.18 13:05:33.837,1.6699,1.67032,2.44,1.73
2013.06.18 13:05:34.208,1.6699,1.67032,2.44,1.35
2013.06.18 13:05:35.296,1.66993,1.67032,2.44,1.35
2013.06.18 13:05:35.655,1.66997,1.67034,1.13,3.00
2013.06.18 13:05:35.956,1.66999,1.67036,1.69,6.00
2013.06.18 13:05:36.128,1.66999,1.67039,1.69,3.00
2013.06.18 13:05:36.465,1.66999,1.6704,1.69,6.75
2013.06.18 13:05:36.775,1.66999,1.67035,1.69,1.50
2013.06.18 13:05:37.161,1.66999,1.67035,1.88,1.50
2013.06.18 13:05:37.758,1.66998,1.67035,1.69,1.50
2013.06.18 13:05:38.370,1.66998,1.67035,2.44,1.50
2013.06.18 13:05:38.605,1.66998,1.67036,2.44,1.13
2013.06.18 13:05:41.236,1.67003,1.67036,1.69,1.13
2013.06.18 13:05:41.416,1.66998,1.6704,1.69,6.98
2013.06.18 13:05:42.206,1.67,1.67035,1.69,1.50
2013.06.18 13:05:44.075,1.66995,1.6703,1.69,1.50
2013.06.18 13:05:44.595,1.66995,1.67033,1.69,1.13
2013.06.18 13:05:45.377,1.66995,1.67033,1.69,1.13
2013.06.18 13:05:46.426,1.66996,1.67033,1.69,1.13
2013.06.18 13:05:46.545,1.67001,1.67034,1.50,2.25
2013.06.18 13:05:46.965,1.67001,1.67034,2.25,2.25
2013.06.18 13:05:47.265,1.67004,1.67042,1.50,2.25
2013.06.18 13:05:47.975,1.67001,1.67042,2.25,1.50
2013.06.18 13:05:49.425,1.67003,1.67044,1.50,1.65
2013.06.18 13:05:49.807,1.67015,1.67048,1.50,1.13
2013.06.18 13:05:50.157,1.67019,1.67048,2.25,1.13
2013.06.18 13:05:50.695,1.67019,1.67048,2.44,1.13
2013.06.18 13:05:52.536,1.67019,1.67048,3.19,1.13
2013.06.18 13:05:55.526,1.67019,1.67048,2.44,1.13
2013.06.18 13:05:56.185,1.6702,1.67048,1.69,1.13
2013.06.18 13:05:56.555,1.67024,1.6705,1.69,1.50
2013.06.18 13:05:59.866,1.67025,1.6705,1.69,1.50
2013.06.18 13:06:00.415,1.67028,1.67054,1.69,1.50
2013.06.18 13:06:00.655,1.67028,1.67061,1.69,1.13
2013.06.18 13:06:05.541,1.67028,1.67066,1.69,1.73
2013.06.18 13:06:05.725,1.6703,1.67067,1.69,1.73
2013.06.18 13:06:08.215,1.67029,1.67069,2.44,2.25
2013.06.18 13:06:09.145,1.67029,1.67069,2.44,1.88
2013.06.18 13:06:09.326,1.67013,1.6705,1.50,1.65
2013.06.18 13:06:09.446,1.67012,1.6705,2.44,1.65
2013.06.18 13:06:09.565,1.67015,1.67052,1.69,1.50
2013.06.18 13:06:09.625,1.6702,1.67063,1.50,1.13
2013.06.18 13:06:09.985,1.6702,1.67065,1.50,1.50
2013.06.18 13:06:10.225,1.6702,1.67065,2.25,1.50
2013.06.18 13:06:10.545,1.67025,1.67067,1.50,1.13
2013.06.18 13:06:10.885,1.67022,1.67067,1.50,2.63
2013.06.18 13:06:11.287,1.67024,1.67067,1.69,1.50
2013.06.18 13:06:11.354,1.67027,1.67069,1.69,1.13
2013.06.18 13:06:11.656,1.67022,1.67063,1.50,1.73
2013.06.18 13:06:11.717,1.67018,1.67057,1.50,1.28
2013.06.18 13:06:11.776,1.67017,1.67055,1.69,1.50
2013.06.18 13:06:11.835,1.67017,1.67053,1.69,1.65
2013.06.18 13:06:11.955,1.67008,1.67053,1.50,1.65
2013.06.18 13:06:12.015,1.67004,1.67049,1.88,3.38
2013.06.18 13:06:12.648,1.67,1.67037,1.69,1.50
2013.06.18 13:06:12.717,1.67,1.67039,1.69,6.38
2013.06.18 13:06:12.945,1.67,1.67036,1.69,1.50
2013.06.18 13:06:16.395,1.66999,1.67036,1.50,2.10
2013.06.18 13:06:16.515,1.66992,1.67034,1.69,1.65
2013.06.18 13:06:16.575,1.6699,1.67033,1.69,2.63
2013.06.18 13:06:16.695,1.66988,1.67033,2.44,1.88
2013.06.18 13:06:16.935,1.66996,1.67035,1.69,1.65
2013.06.18 13:06:18.686,1.66997,1.67036,1.13,1.13
2013.06.18 13:06:18.879,1.66998,1.67036,1.13,1.13
2013.06.18 13:06:19.938,1.66998,1.67036,1.88,1.13
2013.06.18 13:06:20.058,1.67,1.67038,1.69,1.13
2013.06.18 13:06:20.565,1.67004,1.67041,1.13,2.25
2013.06.18 13:06:20.879,1.67001,1.67029,1.69,1.50
2013.06.18 13:06:21.069,1.66994,1.67029,1.69,1.50
2013.06.18 13:06:21.196,1.66994,1.67037,1.69,1.50
2013.06.18 13:06:21.257,1.66997,1.67037,1.69,1.50
2013.06.18 13:06:21.317,1.66997,1.67038,1.69,1.13
2013.06.18 13:06:21.736,1.67001,1.67041,1.88,2.25
2013.06.18 13:06:23.457,1.67002,1.67041,1.69,3.38
2013.06.18 13:06:23.516,1.67002,1.67041,1.69,1.13
2013.06.18 13:06:24.048,1.67004,1.67041,1.50,1.13
2013.06.18 13:06:24.257,1.67004,1.67043,2.44,2.25
2013.06.18 13:06:24.395,1.67004,1.67043,2.25,2.25
2013.06.18 13:06:24.765,1.67009,1.67043,1.50,2.25
2013.06.18 13:06:27.205,1.67009,1.67043,1.69,2.25
2013.06.18 13:06:27.265,1.6701,1.67054,1.88,1.50
2013.06.18 13:06:27.325,1.6701,1.67054,1.69,1.50
2013.06.18 13:06:27.626,1.67027,1.6707,1.50,1.13
2013.06.18 13:06:27.690,1.67027,1.67071,1.50,1.50
2013.06.18 13:06:27.817,1.67029,1.67071,1.50,1.50
2013.06.18 13:06:28.246,1.67036,1.67073,1.50,1.13
2013.06.18 13:06:29.295,1.67038,1.67073,1.69,1.13
2013.06.18 13:06:29.656,1.6702,1.67061,1.69,3.98
2013.06.18 13:06:30.015,1.67019,1.6705,1.50,2.10
2013.06.18 13:06:30.588,1.67011,1.6705,1.69,1.50
2013.06.18 13:06:31.656,1.67011,1.6705,1.50,1.50
2013.06.18 13:06:31.716,1.67009,1.6705,1.69,2.25
2013.06.18 13:06:31.844,1.67,1.67047,1.69,1.50
2013.06.18 13:06:32.355,1.67,1.67039,1.69,2.40
2013.06.18 13:06:32.626,1.67001,1.67039,1.69,2.40
2013.06.18 13:06:32.936,1.67005,1.67042,1.69,6.38
2013.06.18 13:06:33.475,1.67001,1.67037,1.69,1.50
2013.06.18 13:06:34.097,1.67001,1.67037,1.69,1.50
2013.06.18 13:06:34.676,1.67,1.67034,2.44,1.35
2013.06.18 13:06:34.796,1.67,1.67034,1.50,1.35
2013.06.18 13:06:34.915,1.66994,1.67026,1.50,1.50
2013.06.18 13:06:35.035,1.66988,1.67024,2.44,1.50
2013.06.18 13:06:36.115,1.6699,1.67024,1.69,1.50
2013.06.18 13:06:36.536,1.6699,1.67024,1.69,1.13
2013.06.18 13:06:36.777,1.66989,1.67022,1.32,1.35
2013.06.18 13:06:37.135,1.66989,1.67024,2.07,1.73
2013.06.18 13:06:38.408,1.66989,1.67024,2.07,1.13
2013.06.18 13:06:38.466,1.66995,1.67026,1.69,2.25
2013.06.18 13:06:38.528,1.66995,1.67031,1.69,1.13
2013.06.18 13:06:38.886,1.66997,1.67037,2.82,3.00
2013.06.18 13:06:40.855,1.66997,1.67035,1.69,2.25
2013.06.18 13:06:41.157,1.66978,1.67017,4.13,2.25
2013.06.18 13:06:41.216,1.66978,1.67017,3.19,2.25
2013.06.18 13:06:41.275,1.66978,1.67017,3.19,2.25
2013.06.18 13:06:41.795,1.66978,1.67006,1.50,1.50
2013.06.18 13:06:41.976,1.66971,1.67014,2.25,1.65
2013.06.18 13:06:42.036,1.66972,1.67016,1.50,1.65
2013.06.18 13:06:42.455,1.66978,1.67017,1.50,2.25
2013.06.18 13:06:43.355,1.66978,1.67017,2.25,2.25
2013.06.18 13:06:43.715,1.66981,1.67019,2.25,3.53
2013.06.18 13:06:46.605,1.66981,1.67019,2.25,2.78
2013.06.18 13:06:46.916,1.6697,1.67014,1.50,1.35
2013.06.18 13:06:47.955,1.6697,1.67008,1.69,1.50
2013.06.18 13:06:48.986,1.6697,1.67008,1.69,1.13
2013.06.18 13:06:49.106,1.66972,1.67008,1.69,1.13
2013.06.18 13:06:49.639,1.66975,1.67008,1.50,1.13
2013.06.18 13:06:50.077,1.66975,1.67008,1.69,1.13
2013.06.18 13:06:51.166,1.66975,1.67008,1.69,1.13
2013.06.18 13:06:51.677,1.66975,1.67008,2.44,1.13
2013.06.18 13:06:52.215,1.66975,1.67008,1.69,1.50
2013.06.18 13:06:55.167,1.6697,1.67008,1.69,1.50
2013.06.18 13:06:55.706,1.66972,1.67009,2.44,1.13
2013.06.18 13:06:55.995,1.66972,1.67009,1.69,1.13
2013.06.18 13:06:56.900,1.66974,1.67009,1.69,1.13
2013.06.18 13:06:57.576,1.66974,1.67009,1.69,1.13
2013.06.18 13:06:58.117,1.66977,1.67012,1.69,1.73
2013.06.18 13:06:58.816,1.66978,1.67012,1.69,1.73
2013.06.18 13:07:00.759,1.66978,1.67012,1.69,1.73
2013.06.18 13:07:01.835,1.66977,1.67012,1.50,1.73
2013.06.18 13:07:04.196,1.66977,1.67011,1.50,1.13
2013.06.18 13:07:04.317,1.66961,1.67006,1.50,1.88
2013.06.18 13:07:04.377,1.66961,1.67004,1.50,1.13
2013.06.18 13:07:04.436,1.6696,1.67004,1.50,1.73
2013.06.18 13:07:05.841,1.66953,1.66994,1.50,2.25
2013.06.18 13:07:05.910,1.66947,1.66991,1.50,1.50
2013.06.18 13:07:06.037,1.66947,1.66986,2.25,1.13
2013.06.18 13:07:06.395,1.66945,1.66983,1.70,1.50
2013.06.18 13:07:06.468,1.66946,1.66989,1.50,1.13
2013.06.18 13:07:06.533,1.66953,1.66991,1.50,1.13
2013.06.18 13:07:06.855,1.66957,1.66991,1.50,1.13
2013.06.18 13:07:07.161,1.66957,1.66991,2.25,1.13
2013.06.18 13:07:09.715,1.66959,1.66991,1.50,1.13
2013.06.18 13:07:10.475,1.66961,1.66991,1.50,1.13
2013.06.18 13:07:10.655,1.66956,1.66991,1.50,1.13
2013.06.18 13:07:15.045,1.66957,1.66991,1.50,1.13
2013.06.18 13:07:15.116,1.66956,1.66991,2.25,1.13
2013.06.18 13:07:15.180,1.6696,1.66991,1.50,1.13
2013.06.18 13:07:15.396,1.66956,1.66991,2.25,1.13
2013.06.18 13:07:16.835,1.66956,1.66994,2.25,1.13
2013.06.18 13:07:16.896,1.6696,1.66994,1.50,1.13
2013.06.18 13:07:17.929,1.66956,1.66995,1.50,1.13
2013.06.18 13:07:18.046,1.66956,1.66998,2.25,1.35
2013.06.18 13:07:18.608,1.66956,1.66995,1.50,6.75
2013.06.18 13:07:18.787,1.66956,1.66998,1.50,7.73
2013.06.18 13:07:18.847,1.66956,1.66998,1.50,7.73
2013.06.18 13:07:19.896,1.66959,1.66998,1.50,7.73
2013.06.18 13:07:21.115,1.66961,1.66998,1.50,7.73
2013.06.18 13:07:21.955,1.66962,1.66997,1.50,2.10
2013.06.18 13:07:26.917,1.66961,1.66997,1.50,2.10
2013.06.18 13:07:27.296,1.66957,1.66997,2.25,2.10
2013.06.18 13:07:32.156,1.66957,1.66997,2.25,2.85
2013.06.18 13:07:32.517,1.66947,1.66985,1.50,4.13
2013.06.18 13:07:33.025,1.66947,1.66985,1.69,6.38
2013.06.18 13:07:33.085,1.66947,1.66988,1.69,1.13
2013.06.18 13:07:34.046,1.66949,1.66983,1.50,1.50
2013.06.18 13:07:34.285,1.66949,1.66985,1.50,4.13
2013.06.18 13:07:35.495,1.66949,1.66988,1.50,7.13
2013.06.18 13:07:36.609,1.66949,1.66986,1.50,6.38
2013.06.18 13:07:36.736,1.66949,1.66988,1.50,1.13
2013.06.18 13:07:36.855,1.66949,1.6699,1.50,2.25
2013.06.18 13:07:38.825,1.66949,1.6699,1.50,1.50
2013.06.18 13:07:38.885,1.66946,1.6699,1.50,1.50
2013.06.18 13:07:39.125,1.66946,1.6699,1.50,2.25
2013.06.18 13:07:39.487,1.66951,1.66992,1.50,1.13
2013.06.18 13:07:40.794,1.66951,1.66993,1.50,1.88
2013.06.18 13:07:42.315,1.6695,1.66992,1.50,7.13
2013.06.18 13:07:43.295,1.6695,1.66989,1.50,6.00
2013.06.18 13:07:45.835,1.66944,1.66988,1.50,1.65
2013.06.18 13:07:45.999,1.66943,1.66988,3.00,1.65
2013.06.18 13:07:46.253,1.66943,1.66988,3.75,1.65
2013.06.18 13:07:46.490,1.66943,1.66988,1.50,1.65
2013.06.18 13:07:47.685,1.6694,1.66984,1.50,1.50
2013.06.18 13:07:47.745,1.66939,1.66984,1.50,2.25
2013.06.18 13:07:49.985,1.66939,1.66984,1.50,2.25
2013.06.18 13:07:50.755,1.6694,1.66984,1.69,2.25
2013.06.18 13:07:56.667,1.6694,1.66984,1.69,1.50
2013.06.18 13:07:59.786,1.6694,1.66984,1.69,1.50
2013.06.18 13:08:01.470,1.66939,1.66984,1.50,1.50
2013.06.18 13:08:04.628,1.66939,1.66984,1.69,1.50
2013.06.18 13:08:06.017,1.66944,1.66987,1.69,1.13
2013.06.18 13:08:06.375,1.66947,1.66989,1.69,1.35
2013.06.18 13:08:06.620,1.66933,1.66963,1.50,1.50
2013.06.18 13:08:06.805,1.66932,1.66963,2.25,1.50
2013.06.18 13:08:06.865,1.66922,1.66963,2.25,1.50
2013.06.18 13:08:06.925,1.66912,1.66962,2.48,2.44
2013.06.18 13:08:07.388,1.66912,1.66962,2.48,1.50
2013.06.18 13:08:07.565,1.66918,1.66962,1.13,1.50
2013.06.18 13:08:07.625,1.66918,1.66962,1.13,1.69
2013.06.18 13:08:08.823,1.66918,1.66961,1.13,1.50
2013.06.18 13:08:09.006,1.66912,1.66959,1.50,3.00
2013.06.18 13:08:11.536,1.66912,1.66952,1.50,1.50
2013.06.18 13:08:11.595,1.66912,1.66952,1.50,1.50
2013.06.18 13:08:14.070,1.66911,1.66952,1.13,1.50
2013.06.18 13:08:14.138,1.6691,1.66953,1.13,2.44
2013.06.18 13:08:14.197,1.6691,1.66953,1.13,1.69
2013.06.18 13:08:14.257,1.66911,1.66954,1.88,2.44
2013.06.18 13:08:14.611,1.66919,1.66962,1.88,2.25
2013.06.18 13:08:14.813,1.66919,1.66963,1.88,1.50
2013.06.18 13:08:15.055,1.66919,1.66964,1.88,2.44
2013.06.18 13:08:15.384,1.66914,1.66962,1.88,1.50
2013.06.18 13:08:15.444,1.66914,1.6696,1.50,3.00
2013.06.18 13:08:15.505,1.66912,1.66956,1.13,1.50
2013.06.18 13:08:15.845,1.66912,1.66955,1.13,3.19
2013.06.18 13:08:16.526,1.66912,1.66955,1.13,2.44
2013.06.18 13:08:17.626,1.66912,1.66956,1.13,3.00
2013.06.18 13:08:17.906,1.66911,1.66955,1.50,2.25
2013.06.18 13:08:21.007,1.66908,1.66952,1.35,2.25
2013.06.18 13:08:21.066,1.66908,1.66952,1.35,1.50
2013.06.18 13:08:21.365,1.66907,1.66952,1.88,3.00
2013.06.18 13:08:21.931,1.66907,1.66952,1.88,3.00
2013.06.18 13:08:23.037,1.66907,1.66952,1.88,3.00
2013.06.18 13:08:23.096,1.66907,1.66952,1.88,2.25
2013.06.18 13:08:23.154,1.66907,1.66952,2.25,2.25
2013.06.18 13:08:23.695,1.66911,1.66955,1.69,1.50
2013.06.18 13:08:23.755,1.66911,1.66957,1.69,2.25
2013.06.18 13:08:24.665,1.6691,1.66957,2.10,1.50
2013.06.18 13:08:24.845,1.66897,1.66942,2.25,3.00
2013.06.18 13:08:24.910,1.66896,1.66942,1.13,3.00
2013.06.18 13:08:24.975,1.66897,1.66942,1.50,2.25
2013.06.18 13:08:25.286,1.66893,1.6694,1.13,2.25
2013.06.18 13:08:25.407,1.6689,1.66939,1.13,1.50
2013.06.18 13:08:25.655,1.6689,1.66939,1.13,1.50
2013.06.18 13:08:25.779,1.66889,1.66937,2.10,1.50
2013.06.18 13:08:25.906,1.66889,1.66933,1.50,1.50
2013.06.18 13:08:26.206,1.66882,1.66929,1.50,2.44
2013.06.18 13:08:26.505,1.66882,1.66925,1.50,1.28
2013.06.18 13:08:35.907,1.66882,1.66916,1.50,1.28
2013.06.18 13:08:36.266,1.66882,1.66912,1.50,2.25
2013.06.18 13:08:36.677,1.66882,1.66908,1.50,2.25
2013.06.18 13:08:37.095,1.66882,1.66905,1.50,2.25
2013.06.18 13:08:38.386,1.66874,1.66905,1.50,2.25
2013.06.18 13:08:39.468,1.66869,1.66905,1.50,2.25
2013.06.18 13:08:39.785,1.66869,1.66913,2.10,1.69
2013.06.18 13:08:39.965,1.6687,1.66913,1.13,1.69
2013.06.18 13:08:40.325,1.6687,1.66914,1.50,2.44
2013.06.18 13:08:41.196,1.66874,1.66914,1.14,2.44
2013.06.18 13:08:42.067,1.66876,1.66916,2.25,2.44
2013.06.18 13:08:44.755,1.66871,1.66911,1.14,1.13
2013.06.18 13:08:44.935,1.66866,1.66911,1.50,2.82
2013.06.18 13:08:48.847,1.66866,1.66904,2.25,1.13
2013.06.18 13:08:49.087,1.6687,1.66909,1.50,2.25
2013.06.18 13:08:49.268,1.6687,1.66913,1.50,2.44
2013.06.18 13:08:49.585,1.66872,1.66913,1.50,2.44
2013.06.18 13:08:49.895,1.66875,1.66906,1.50,1.13
2013.06.18 13:08:50.328,1.66871,1.66904,1.14,1.13
2013.06.18 13:08:50.932,1.66868,1.66904,1.14,1.13
2013.06.18 13:08:52.195,1.66866,1.66906,1.70,1.13
2013.06.18 13:08:52.255,1.66866,1.66906,1.50,1.13
2013.06.18 13:08:57.366,1.66866,1.66906,1.70,1.13
2013.06.18 13:08:57.606,1.66868,1.66907,1.14,1.13
2013.06.18 13:08:57.907,1.66872,1.66897,1.50,1.13
2013.06.18 13:08:58.461,1.66872,1.66897,1.50,1.13
2013.06.18 13:08:58.532,1.66868,1.66909,1.89,1.32
2013.06.18 13:08:58.715,1.6687,1.66909,1.14,1.69
2013.06.18 13:08:59.017,1.66874,1.66909,1.14,1.50
2013.06.18 13:08:59.255,1.66869,1.66909,1.14,1.50
2013.06.18 13:08:59.315,1.66868,1.66904,1.51,1.13
2013.06.18 13:08:59.675,1.6686,1.66898,2.25,2.25
2013.06.18 13:08:59.735,1.6686,1.66894,3.57,2.63
2013.06.18 13:09:00.095,1.66878,1.66896,1.50,1.13
2013.06.18 13:09:00.275,1.66867,1.66896,1.50,1.13
2013.06.18 13:09:00.816,1.66862,1.66896,1.89,1.13
2013.06.18 13:09:00.878,1.66862,1.66896,1.89,1.13
2013.06.18 13:09:01.395,1.66862,1.66896,1.89,1.13
2013.06.18 13:09:01.847,1.66866,1.66902,1.50,2.25
2013.06.18 13:09:02.027,1.66866,1.66904,1.50,1.92
2013.06.18 13:09:02.206,1.66863,1.66904,1.89,1.92
2013.06.18 13:09:02.657,1.66862,1.66902,1.14,1.50
2013.06.18 13:09:03.115,1.66862,1.66903,1.14,2.25
2013.06.18 13:09:03.585,1.66863,1.66904,1.89,3.23
2013.06.18 13:09:03.895,1.66867,1.66904,1.50,3.23
2013.06.18 13:09:06.375,1.66867,1.66902,1.50,1.13
2013.06.18 13:09:06.495,1.66864,1.66896,1.50,1.13
2013.06.18 13:09:07.002,1.66863,1.66896,1.14,1.13
2013.06.18 13:09:07.785,1.6686,1.66893,1.14,1.13
2013.06.18 13:09:08.337,1.66863,1.66903,1.89,1.13
2013.06.18 13:09:08.668,1.66863,1.66903,1.14,1.13
2013.06.18 13:09:09.215,1.66858,1.66901,2.29,1.13
2013.06.18 13:09:09.755,1.66859,1.66901,1.35,1.13
2013.06.18 13:09:10.811,1.66863,1.66901,1.14,1.13
2013.06.18 13:09:11.321,1.66868,1.66902,1.14,1.13
2013.06.18 13:09:13.414,1.66868,1.66904,1.89,2.25
2013.06.18 13:09:13.815,1.66868,1.66904,1.51,2.25
2013.06.18 13:09:14.217,1.66874,1.66907,1.50,1.50
2013.06.18 13:09:15.697,1.66868,1.66909,1.51,1.13
2013.06.18 13:09:16.311,1.66871,1.66909,1.70,1.13
2013.06.18 13:09:16.865,1.66869,1.66909,1.14,1.13
2013.06.18 13:09:17.466,1.66861,1.66906,2.90,2.25
2013.06.18 13:09:19.705,1.66864,1.66906,1.51,1.50
2013.06.18 13:09:20.287,1.66861,1.66903,1.47,1.50
2013.06.18 13:09:20.646,1.66861,1.66898,1.27,1.50
2013.06.18 13:09:21.025,1.66861,1.66903,1.08,1.50
2013.06.18 13:09:21.398,1.6686,1.669,1.27,3.15
2013.06.18 13:09:22.016,1.6686,1.66899,1.27,2.25
2013.06.18 13:09:22.376,1.66857,1.66893,1.55,1.13
2013.06.18 13:09:22.436,1.66857,1.66897,1.55,1.13
2013.06.18 13:09:22.496,1.66857,1.66898,1.32,1.13
2013.06.18 13:09:23.037,1.6686,1.66898,1.02,1.13
2013.06.18 13:09:24.376,1.66857,1.66898,1.40,1.50
2013.06.18 13:09:25.071,1.66857,1.66894,1.64,2.25
2013.06.18 13:09:27.646,1.66857,1.66897,1.64,1.88
2013.06.18 13:09:27.704,1.66857,1.66897,1.64,1.13
2013.06.18 13:09:28.437,1.6686,1.66897,1.27,1.13
2013.06.18 13:09:29.016,1.6686,1.66905,2.47,1.69
2013.06.18 13:09:29.585,1.66864,1.66905,1.32,1.50
2013.06.18 13:09:30.007,1.66863,1.66902,1.14,1.50
2013.06.18 13:09:30.367,1.66857,1.66888,1.70,2.25
2013.06.18 13:09:33.520,1.66856,1.66888,1.14,2.25
2013.06.18 13:09:33.882,1.66856,1.66888,1.14,2.25
2013.06.18 13:09:34.128,1.66852,1.66892,1.36,2.25
2013.06.18 13:09:34.195,1.66853,1.66897,1.74,2.25
2013.06.18 13:09:34.255,1.66853,1.66897,2.11,1.50
2013.06.18 13:09:34.785,1.6686,1.66901,1.13,2.25
2013.06.18 13:09:35.234,1.6686,1.66901,1.51,2.25
2013.06.18 13:09:35.475,1.6686,1.66901,1.51,1.50
2013.06.18 13:09:35.976,1.6686,1.66904,1.51,1.50
2013.06.18 13:09:36.035,1.6686,1.66905,1.51,1.50
2013.06.18 13:09:36.095,1.6686,1.66904,1.51,1.50
2013.06.18 13:09:36.398,1.66859,1.66902,1.51,1.50
2013.06.18 13:09:36.575,1.66861,1.66905,1.51,1.50
2013.06.18 13:09:37.081,1.66862,1.66905,1.36,1.50
2013.06.18 13:09:39.426,1.66862,1.66906,1.36,1.50
2013.06.18 13:09:39.486,1.66864,1.66909,3.01,1.50
2013.06.18 13:09:39.856,1.66867,1.66909,1.32,1.50
2013.06.18 13:09:40.216,1.66862,1.66905,2.11,1.50
2013.06.18 13:09:41.385,1.66862,1.66905,1.36,1.50
2013.06.18 13:09:44.005,1.66867,1.66901,1.14,1.50
2013.06.18 13:09:44.125,1.66867,1.66904,1.14,1.50
2013.06.18 13:09:44.659,1.66867,1.66904,1.14,1.50
2013.06.18 13:09:44.837,1.66867,1.66902,1.14,2.25
2013.06.18 13:09:45.198,1.66867,1.66896,1.14,1.50
2013.06.18 13:09:46.048,1.66867,1.66896,1.14,1.50
2013.06.18 13:09:46.546,1.66867,1.66899,1.14,1.50
2013.06.18 13:09:47.255,1.66867,1.66899,1.14,1.50
2013.06.18 13:09:48.100,1.66859,1.66899,1.36,1.50
2013.06.18 13:09:49.423,1.66858,1.66899,1.04,1.50
2013.06.18 13:09:49.855,1.66858,1.66898,1.04,1.50
2013.06.18 13:09:50.173,1.66858,1.66896,1.04,1.50
2013.06.18 13:09:50.925,1.66858,1.669,1.04,2.25
2013.06.18 13:09:50.985,1.66858,1.669,1.04,1.50
2013.06.18 13:09:51.503,1.66861,1.66905,1.74,2.44
2013.06.18 13:09:53.635,1.66861,1.669,1.92,2.25
2013.06.18 13:09:53.955,1.6687,1.66897,1.14,1.50
2013.06.18 13:09:54.292,1.66873,1.669,1.14,1.50
2013.06.18 13:09:54.635,1.66873,1.66909,1.14,1.50
2013.06.18 13:09:54.695,1.66873,1.66911,1.14,2.25
2013.06.18 13:09:54.815,1.66873,1.66911,1.14,1.50
2013.06.18 13:09:55.145,1.66873,1.66915,1.14,1.50
2013.06.18 13:09:56.182,1.66873,1.66915,1.51,1.50
2013.06.18 13:09:57.446,1.66874,1.66917,1.36,1.50
2013.06.18 13:09:58.906,1.66877,1.66917,1.36,1.50
2013.06.18 13:09:59.533,1.66877,1.66917,1.36,1.50
2013.06.18 13:10:01.265,1.66877,1.66917,1.36,1.50
2013.06.18 13:10:01.789,1.66877,1.66918,1.36,1.50
2013.06.18 13:10:02.296,1.66877,1.66918,1.36,1.50
2013.06.18 13:10:02.415,1.66878,1.66918,1.38,1.50
2013.06.18 13:10:02.475,1.66878,1.66921,1.38,1.50
2013.06.18 13:10:05.258,1.66878,1.6692,1.08,1.65
2013.06.18 13:10:05.317,1.66877,1.66919,2.06,1.65
2013.06.18 13:10:05.676,1.66869,1.66914,2.45,1.50
2013.06.18 13:10:05.867,1.66873,1.66919,2.25,1.32
2013.06.18 13:10:08.787,1.66873,1.66919,2.45,2.40
2013.06.18 13:10:09.128,1.66866,1.66888,1.50,3.15
2013.06.18 13:10:09.436,1.66866,1.66885,1.50,2.25
2013.06.18 13:10:09.617,1.66866,1.66885,1.13,2.25
2013.06.18 13:10:09.677,1.66866,1.66893,1.13,1.65
2013.06.18 13:10:09.736,1.66865,1.66893,1.50,2.40
2013.06.18 13:10:10.048,1.66865,1.66883,1.50,1.13
2013.06.18 13:10:10.345,1.66853,1.6688,1.50,2.25
2013.06.18 13:10:11.036,1.6684,1.6688,1.50,2.25
2013.06.18 13:10:11.225,1.66845,1.6688,1.50,2.25
2013.06.18 13:10:12.047,1.66852,1.66889,1.50,1.88
2013.06.18 13:10:12.105,1.66852,1.66889,2.25,1.50
2013.06.18 13:10:12.345,1.66853,1.6689,1.50,2.25
2013.06.18 13:10:12.725,1.66853,1.6689,1.50,2.25
2013.06.18 13:10:12.945,1.66849,1.66889,1.50,1.50
2013.06.18 13:10:13.246,1.66843,1.66869,3.00,2.25
2013.06.18 13:10:13.369,1.66843,1.66867,1.50,1.50
2013.06.18 13:10:13.438,1.66842,1.66862,1.50,2.25
2013.06.18 13:10:13.796,1.66852,1.66873,1.50,1.13
2013.06.18 13:10:14.156,1.66852,1.66874,1.50,1.13
2013.06.18 13:10:14.277,1.66852,1.66873,1.50,2.63
2013.06.18 13:10:14.516,1.66843,1.66876,2.25,1.88
2013.06.18 13:10:14.577,1.66835,1.66876,1.69,1.13
2013.06.18 13:10:14.637,1.66836,1.66877,1.50,1.13
2013.06.18 13:10:14.936,1.66831,1.66875,1.69,1.50
2013.06.18 13:10:15.905,1.66837,1.66877,1.69,2.63
2013.06.18 13:10:16.146,1.66848,1.66887,1.69,1.50
2013.06.18 13:10:16.326,1.66846,1.66887,1.69,1.13
2013.06.18 13:10:16.387,1.66846,1.66887,1.69,2.10
2013.06.18 13:10:16.745,1.66843,1.66871,1.50,1.13
2013.06.18 13:10:16.865,1.66843,1.66873,1.50,1.13
2013.06.18 13:10:16.925,1.6685,1.66877,1.50,1.13
2013.06.18 13:10:17.285,1.66846,1.66872,1.50,1.50
2013.06.18 13:10:17.526,1.66838,1.66872,1.69,1.50
2013.06.18 13:10:17.765,1.66834,1.6687,1.69,1.50
2013.06.18 13:10:18.065,1.66839,1.66874,1.32,1.50
2013.06.18 13:10:18.185,1.66839,1.66882,2.07,1.13
2013.06.18 13:10:19.286,1.6685,1.6689,1.32,2.63
2013.06.18 13:10:19.646,1.66852,1.66894,1.54,1.50
2013.06.18 13:10:19.768,1.66852,1.66896,2.29,1.50
2013.06.18 13:10:20.125,1.66857,1.66899,1.32,2.25
2013.06.18 13:10:20.315,1.66857,1.66899,1.32,2.25
2013.06.18 13:10:20.375,1.66852,1.66899,1.13,2.25
2013.06.18 13:10:20.615,1.66852,1.66897,1.50,1.13
2013.06.18 13:10:20.855,1.66845,1.66894,1.69,1.50
2013.06.18 13:10:21.911,1.66844,1.66893,1.69,1.50
2013.06.18 13:10:22.216,1.66844,1.66889,2.44,1.50
2013.06.18 13:10:22.525,1.66842,1.66883,1.32,1.50
2013.06.18 13:10:22.856,1.66841,1.66883,1.32,2.25
2013.06.18 13:10:23.156,1.66831,1.66874,2.82,1.50
2013.06.18 13:10:23.216,1.66831,1.66874,1.88,1.50
2013.06.18 13:10:23.276,1.66831,1.66873,1.88,1.50
2013.06.18 13:10:23.607,1.66828,1.66871,1.69,1.50
2013.06.18 13:10:23.726,1.66836,1.66879,1.50,2.25
2013.06.18 13:10:24.785,1.66836,1.66879,2.25,2.25
2013.06.18 13:10:25.135,1.66839,1.66877,1.50,1.50
2013.06.18 13:10:25.496,1.66839,1.66866,1.50,2.25
2013.06.18 13:10:25.555,1.66839,1.66869,1.50,2.25
2013.06.18 13:10:25.675,1.66839,1.66861,1.50,2.25
2013.06.18 13:10:25.795,1.66829,1.66861,1.50,2.25
2013.06.18 13:10:26.156,1.66824,1.66859,1.50,2.25
2013.06.18 13:10:26.335,1.66823,1.66857,1.50,2.25
2013.06.18 13:10:26.516,1.66819,1.66855,1.69,1.50
2013.06.18 13:10:26.637,1.66819,1.66858,1.69,1.88
2013.06.18 13:10:26.699,1.66819,1.66858,1.50,1.13
2013.06.18 13:10:27.005,1.66819,1.66854,1.50,2.25
2013.06.18 13:10:27.830,1.66823,1.66854,1.50,2.25
2013.06.18 13:10:27.957,1.66824,1.66861,1.50,2.25
2013.06.18 13:10:28.149,1.66825,1.66862,1.50,3.00
2013.06.18 13:10:28.208,1.66825,1.66865,1.69,1.13
2013.06.18 13:10:28.675,1.66828,1.66866,1.69,1.13
2013.06.18 13:10:29.237,1.66828,1.66873,1.69,2.25
2013.06.18 13:10:29.295,1.66828,1.66872,1.69,3.00
2013.06.18 13:10:29.655,1.66833,1.66878,1.50,3.00
2013.06.18 13:10:29.875,1.66833,1.66878,1.50,3.00
2013.06.18 13:10:30.438,1.66833,1.66878,1.50,3.90
2013.06.18 13:10:30.958,1.66833,1.66874,1.50,1.13
2013.06.18 13:10:31.285,1.66829,1.66865,1.69,2.25
2013.06.18 13:10:31.538,1.66828,1.66865,2.44,2.25
2013.06.18 13:10:32.286,1.66828,1.66865,1.50,2.25
2013.06.18 13:10:32.346,1.66828,1.66864,1.50,1.13
2013.06.18 13:10:32.467,1.66823,1.66859,1.69,2.25
2013.06.18 13:10:32.709,1.66819,1.66855,1.69,2.25
2013.06.18 13:10:33.017,1.66829,1.66855,1.13,2.25
2013.06.18 13:10:33.261,1.66831,1.66863,1.50,1.13
2013.06.18 13:10:33.326,1.6683,1.66863,1.50,1.13
2013.06.18 13:10:34.476,1.6683,1.66854,1.50,2.25
2013.06.18 13:10:34.595,1.6682,1.6686,1.69,2.25
2013.06.18 13:10:35.325,1.66828,1.6686,1.69,2.25
2013.06.18 13:10:35.448,1.66828,1.66863,1.69,1.13
2013.06.18 13:10:35.977,1.66827,1.66862,1.69,1.65
2013.06.18 13:10:36.278,1.66821,1.66857,1.69,1.13
2013.06.18 13:10:36.485,1.66821,1.66857,1.69,1.13
2013.06.18 13:10:36.992,1.66821,1.66858,1.69,1.13
2013.06.18 13:10:37.118,1.66824,1.66857,1.69,1.13
2013.06.18 13:10:37.237,1.66824,1.66858,1.69,1.13
2013.06.18 13:10:37.761,1.66824,1.66858,1.69,1.13
2013.06.18 13:10:38.448,1.66824,1.66854,1.69,2.25
2013.06.18 13:10:38.566,1.66825,1.66864,1.69,1.88
2013.06.18 13:10:38.926,1.66823,1.66857,1.69,1.13
2013.06.18 13:10:39.406,1.66823,1.66859,1.69,1.13
2013.06.18 13:10:39.466,1.66823,1.66859,1.69,1.13
2013.06.18 13:10:40.105,1.66827,1.66862,1.69,1.13
2013.06.18 13:10:40.485,1.66826,1.66862,1.69,1.13
2013.06.18 13:10:43.325,1.66827,1.66862,1.69,1.13
2013.06.18 13:10:43.784,1.66828,1.66862,1.69,1.13
2013.06.18 13:10:43.907,1.66828,1.66865,1.69,2.25
2013.06.18 13:10:44.590,1.66828,1.66865,1.69,2.25
2013.06.18 13:10:44.805,1.66828,1.66867,1.69,2.25
2013.06.18 13:10:45.566,1.66828,1.66865,1.50,1.50
2013.06.18 13:10:45.625,1.66818,1.6686,1.32,1.50
2013.06.18 13:10:45.806,1.66816,1.66858,2.44,1.50
2013.06.18 13:10:46.107,1.66818,1.66863,1.69,1.50
2013.06.18 13:10:46.345,1.66846,1.66864,2.10,1.50
2013.06.18 13:10:46.706,1.66855,1.66883,1.50,1.50
2013.06.18 13:10:46.828,1.66847,1.66883,1.50,2.25
2013.06.18 13:10:46.887,1.66837,1.66878,2.44,1.35
2013.06.18 13:10:46.947,1.66837,1.66878,1.50,1.35
2013.06.18 13:10:47.080,1.66827,1.6687,1.69,1.50
2013.06.18 13:10:48.056,1.6683,1.66867,1.69,1.50
2013.06.18 13:10:48.360,1.66837,1.66867,1.54,1.50
2013.06.18 13:10:49.046,1.66841,1.66883,1.69,1.50
2013.06.18 13:10:49.165,1.66841,1.66883,1.88,1.50
2013.06.18 13:10:49.286,1.66848,1.66887,1.32,1.50
2013.06.18 13:10:49.356,1.66847,1.66886,1.69,2.25
2013.06.18 13:10:50.696,1.66847,1.66883,1.69,1.50
2013.06.18 13:10:50.875,1.6684,1.6688,1.69,1.50
2013.06.18 13:10:51.236,1.66834,1.66879,1.69,1.50
2013.06.18 13:10:51.296,1.66833,1.66879,1.69,1.50
2013.06.18 13:10:51.355,1.66832,1.66875,2.07,1.50
2013.06.18 13:10:51.695,1.66833,1.66878,1.69,1.50
2013.06.18 13:10:51.755,1.66835,1.66879,1.69,1.50
2013.06.18 13:10:51.936,1.66838,1.66883,1.69,3.38
2013.06.18 13:10:52.495,1.66838,1.6688,1.69,1.50
2013.06.18 13:10:53.006,1.66843,1.66883,1.69,3.00
2013.06.18 13:10:53.066,1.66844,1.66883,1.69,2.25
2013.06.18 13:10:54.565,1.66845,1.66881,1.69,2.25
2013.06.18 13:10:55.016,1.66845,1.66883,1.69,1.50
2013.06.18 13:10:55.835,1.66846,1.66883,1.69,1.50
2013.06.18 13:11:00.037,1.6685,1.66887,1.13,1.50
2013.06.18 13:11:02.365,1.66854,1.66885,1.88,2.25
2013.06.18 13:11:02.787,1.6686,1.66887,1.69,1.50
2013.06.18 13:11:02.906,1.66856,1.66887,1.69,1.50
2013.06.18 13:11:03.855,1.66856,1.66887,1.88,1.50
2013.06.18 13:11:05.576,1.66851,1.66887,1.88,2.25
2013.06.18 13:11:06.098,1.66851,1.66886,1.88,1.50
2013.06.18 13:11:06.156,1.66851,1.66887,1.88,2.25
2013.06.18 13:11:06.246,1.66851,1.66887,1.88,1.50
2013.06.18 13:11:06.476,1.66851,1.66889,1.88,2.25
2013.06.18 13:11:07.187,1.66851,1.66883,1.88,1.50
2013.06.18 13:11:07.426,1.66843,1.66884,1.69,1.88
2013.06.18 13:11:07.486,1.66843,1.66884,1.88,3.38
2013.06.18 13:11:07.606,1.66843,1.6688,1.88,2.25
2013.06.18 13:11:08.025,1.66841,1.66886,2.44,1.50
2013.06.18 13:11:08.145,1.66846,1.66891,1.69,1.50
2013.06.18 13:11:08.205,1.66846,1.66893,2.44,2.25
2013.06.18 13:11:08.536,1.66848,1.66893,1.50,1.50
2013.06.18 13:11:08.895,1.66858,1.66893,1.32,1.50
2013.06.18 13:11:08.956,1.66858,1.66896,1.32,1.50
2013.06.18 13:11:09.015,1.66858,1.66896,1.32,1.50
2013.06.18 13:11:09.196,1.66858,1.669,1.32,1.50
2013.06.18 13:11:09.507,1.66864,1.66903,1.13,1.50
2013.06.18 13:11:09.747,1.66864,1.66908,1.69,1.50
2013.06.18 13:11:09.812,1.66872,1.6691,1.50,1.50
2013.06.18 13:11:09.877,1.66874,1.66912,1.50,2.25
2013.06.18 13:11:11.115,1.66874,1.6691,1.50,2.25
2013.06.18 13:11:14.086,1.66877,1.6691,1.13,2.25
2013.06.18 13:11:14.206,1.66878,1.66916,1.69,1.50
2013.06.18 13:11:14.865,1.66877,1.66907,1.13,2.25
2013.06.18 13:11:15.396,1.66874,1.66907,1.13,2.25
2013.06.18 13:11:16.237,1.6687,1.66905,1.69,1.13
2013.06.18 13:11:16.297,1.66869,1.66905,1.13,1.13
2013.06.18 13:11:16.356,1.66869,1.66902,1.13,2.25
2013.06.18 13:11:17.325,1.66863,1.66902,3.04,2.63
2013.06.18 13:11:17.385,1.66866,1.66902,1.50,2.63
2013.06.18 13:11:17.745,1.66868,1.66902,1.69,2.25
2013.06.18 13:11:18.048,1.66875,1.66909,1.69,3.15
2013.06.18 13:11:18.167,1.66876,1.66907,1.50,2.25
2013.06.18 13:11:18.229,1.66868,1.66909,2.25,1.65
2013.06.18 13:11:18.286,1.66868,1.66909,2.44,1.65
2013.06.18 13:11:19.304,1.66868,1.66908,2.44,1.65
2013.06.18 13:11:19.425,1.66868,1.6691,2.44,2.25
2013.06.18 13:11:20.205,1.66868,1.6691,2.44,2.25
2013.06.18 13:11:22.128,1.6687,1.66908,1.13,2.03
2013.06.18 13:11:22.755,1.66869,1.66903,1.13,1.13
2013.06.18 13:11:24.845,1.66869,1.66903,1.13,1.13
2013.06.18 13:11:25.335,1.66868,1.66904,1.13,1.69
2013.06.18 13:11:25.756,1.66868,1.6691,1.32,1.69
2013.06.18 13:11:26.331,1.66871,1.6691,1.32,1.69
2013.06.18 13:11:26.774,1.66872,1.66913,1.88,3.19
2013.06.18 13:11:26.886,1.6687,1.66913,1.88,3.19
2013.06.18 13:11:28.227,1.66866,1.6691,1.69,1.69
2013.06.18 13:11:28.735,1.6687,1.66907,1.13,1.50
2013.06.18 13:11:29.059,1.6687,1.6691,1.13,1.50
2013.06.18 13:11:29.975,1.6687,1.6691,1.13,1.69
2013.06.18 13:11:30.287,1.66868,1.6691,1.69,1.69
2013.06.18 13:11:31.106,1.66869,1.66908,1.13,2.44
2013.06.18 13:11:31.975,1.66866,1.66905,1.13,2.44
2013.06.18 13:11:32.426,1.66866,1.66905,1.13,1.69
2013.06.18 13:11:33.216,1.66862,1.66905,2.44,1.69
2013.06.18 13:11:33.863,1.66864,1.66909,1.69,1.69
2013.06.18 13:11:34.606,1.66864,1.6691,2.44,2.44
2013.06.18 13:11:35.705,1.6687,1.6691,1.13,2.44
2013.06.18 13:11:36.323,1.6687,1.6691,1.13,2.44
2013.06.18 13:11:36.526,1.6687,1.6691,1.13,2.44
2013.06.18 13:11:36.645,1.6687,1.6691,1.13,2.44
2013.06.18 13:11:37.946,1.6687,1.6691,1.13,2.44
2013.06.18 13:11:41.267,1.66865,1.6691,1.69,2.44
2013.06.18 13:11:43.175,1.6687,1.66912,1.88,2.44
2013.06.18 13:11:43.495,1.6687,1.6691,1.88,1.13
2013.06.18 13:11:46.905,1.66871,1.6691,1.13,1.50
2013.06.18 13:11:47.025,1.66871,1.6691,1.13,1.50
2013.06.18 13:11:47.385,1.66866,1.66904,1.69,1.50
2013.06.18 13:11:47.962,1.66859,1.66897,1.54,1.50
2013.06.18 13:11:48.479,1.66858,1.66897,1.54,2.25
2013.06.18 13:11:48.776,1.66865,1.66897,1.13,1.50
2013.06.18 13:11:49.166,1.66865,1.669,1.13,1.50
2013.06.18 13:11:49.227,1.66865,1.66902,1.13,1.50
2013.06.18 13:11:50.226,1.66865,1.66905,1.13,1.50
2013.06.18 13:11:50.285,1.66865,1.66906,1.13,2.25
2013.06.18 13:11:52.036,1.66868,1.66906,2.25,2.25
2013.06.18 13:11:52.338,1.66869,1.66906,1.32,1.50
2013.06.18 13:11:52.647,1.66878,1.66909,1.32,1.50
2013.06.18 13:11:53.191,1.66873,1.66911,1.54,1.50
2013.06.18 13:11:53.255,1.66873,1.66913,1.54,1.50
2013.06.18 13:11:53.656,1.66873,1.6691,1.54,1.50
2013.06.18 13:11:54.027,1.6687,1.66901,1.92,1.50
2013.06.18 13:11:54.388,1.66878,1.66901,2.25,1.50
2013.06.18 13:11:54.506,1.66876,1.66901,1.13,1.50
2013.06.18 13:11:54.566,1.66876,1.66908,1.13,2.25
2013.06.18 13:11:54.926,1.66873,1.66906,1.17,1.50
2013.06.18 13:11:55.228,1.66873,1.66901,1.17,2.25
2013.06.18 13:11:55.405,1.66873,1.66904,1.17,1.50
2013.06.18 13:11:57.137,1.66873,1.66905,1.54,1.50
2013.06.18 13:11:57.256,1.66873,1.66907,1.73,1.50
2013.06.18 13:11:57.734,1.66873,1.66916,1.73,1.50
2013.06.18 13:11:57.856,1.66875,1.66921,1.69,1.50
2013.06.18 13:11:58.029,1.66875,1.66921,1.13,1.50
2013.06.18 13:11:58.290,1.66875,1.66921,1.69,1.50
2013.06.18 13:11:58.751,1.6688,1.66921,1.13,2.25
2013.06.18 13:11:59.055,1.66884,1.6692,1.13,1.50
2013.06.18 13:11:59.656,1.66884,1.66923,1.13,1.50
2013.06.18 13:11:59.846,1.66892,1.66931,1.13,1.50
2013.06.18 13:11:59.905,1.66892,1.66932,1.13,1.50
2013.06.18 13:12:02.588,1.66892,1.66932,1.13,1.50
2013.06.18 13:12:02.766,1.66893,1.66936,1.13,1.50
2013.06.18 13:12:03.637,1.66894,1.66936,1.13,1.50
2013.06.18 13:12:04.636,1.66894,1.66936,1.13,2.25
2013.06.18 13:12:05.155,1.66894,1.66936,1.13,1.69
2013.06.18 13:12:05.666,1.66894,1.66936,1.13,1.69
2013.06.18 13:12:06.055,1.66894,1.66932,1.13,1.50
2013.06.18 13:12:06.308,1.66888,1.66932,1.69,1.50
2013.06.18 13:12:06.605,1.66888,1.66932,1.50,1.50
2013.06.18 13:12:08.986,1.6689,1.66931,1.69,1.50
2013.06.18 13:12:09.228,1.66888,1.66931,2.44,1.69
2013.06.18 13:12:09.526,1.66886,1.66926,1.69,1.50
2013.06.18 13:12:10.015,1.66883,1.66925,1.69,2.25
2013.06.18 13:12:10.195,1.66881,1.66923,1.35,1.50
2013.06.18 13:12:10.758,1.66881,1.66922,1.54,1.50
2013.06.18 13:12:10.995,1.66883,1.66924,1.69,1.50
2013.06.18 13:12:11.175,1.66882,1.66922,1.69,1.50
2013.06.18 13:12:11.846,1.66879,1.66924,1.69,2.25
2013.06.18 13:12:12.459,1.66879,1.66923,1.69,1.69
2013.06.18 13:12:12.966,1.66882,1.66926,2.25,1.13
2013.06.18 13:12:15.435,1.66879,1.66924,1.13,1.69
2013.06.18 13:12:17.887,1.66879,1.66924,1.73,1.69
2013.06.18 13:12:18.246,1.66885,1.66924,1.69,1.69
2013.06.18 13:12:18.456,1.66885,1.66928,2.44,1.69
2013.06.18 13:12:19.265,1.66891,1.66928,2.10,1.69
2013.06.18 13:12:20.989,1.66899,1.66935,1.35,1.69
2013.06.18 13:12:21.226,1.66904,1.66937,2.25,1.69
2013.06.18 13:12:21.466,1.66909,1.66934,1.13,1.50
2013.06.18 13:12:21.896,1.66907,1.66938,1.13,1.50
2013.06.18 13:12:22.135,1.66907,1.66942,1.13,1.50
2013.06.18 13:12:22.679,1.66907,1.66945,1.13,1.50
2013.06.18 13:12:23.005,1.66907,1.66944,1.13,1.50
2013.06.18 13:12:23.327,1.66907,1.66934,1.13,1.50
2013.06.18 13:12:23.506,1.66901,1.66934,2.07,1.50
2013.06.18 13:12:23.805,1.6689,1.66932,1.73,1.50
2013.06.18 13:12:24.338,1.6689,1.66931,1.73,1.50
2013.06.18 13:12:24.815,1.66891,1.66934,1.73,1.50
2013.06.18 13:12:24.935,1.66891,1.6693,1.73,1.50
2013.06.18 13:12:25.901,1.66891,1.66929,1.73,1.50
2013.06.18 13:12:27.427,1.6689,1.66933,1.69,1.50
2013.06.18 13:12:27.946,1.66889,1.66934,1.69,2.25
2013.06.18 13:12:29.437,1.66888,1.66934,1.13,1.50
2013.06.18 13:12:30.765,1.66886,1.6693,1.32,2.25
2013.06.18 13:12:30.965,1.66885,1.66928,1.69,1.13
2013.06.18 13:12:31.525,1.66888,1.66928,1.50,1.13
2013.06.18 13:12:32.067,1.66889,1.66932,1.50,1.13
2013.06.18 13:12:32.415,1.66889,1.66933,1.50,1.50
2013.06.18 13:12:32.475,1.66888,1.66932,2.10,1.50
2013.06.18 13:12:32.537,1.66888,1.6693,1.35,1.50
2013.06.18 13:12:32.715,1.66889,1.66934,1.50,1.88
2013.06.18 13:12:33.016,1.66893,1.66934,1.50,2.63
2013.06.18 13:12:33.628,1.66892,1.66931,1.50,1.13
2013.06.18 13:12:33.687,1.66884,1.6693,2.44,1.13
2013.06.18 13:12:33.746,1.66884,1.66927,2.44,2.63
2013.06.18 13:12:33.986,1.66884,1.66928,2.44,1.13
2013.06.18 13:12:34.105,1.66887,1.66928,1.50,1.13
2013.06.18 13:12:34.675,1.66888,1.66928,1.50,1.13
2013.06.18 13:12:35.556,1.66888,1.66928,1.50,1.13
2013.06.18 13:12:35.916,1.66897,1.66931,1.50,1.13
2013.06.18 13:12:36.275,1.66887,1.66911,2.25,1.50
2013.06.18 13:12:36.335,1.66879,1.66911,1.50,1.50
2013.06.18 13:12:36.516,1.66879,1.66912,1.50,1.50
2013.06.18 13:12:36.636,1.66879,1.66916,1.50,1.88
2013.06.18 13:12:36.696,1.66879,1.66913,1.50,2.25
2013.06.18 13:12:36.961,1.66878,1.66909,1.50,2.25
2013.06.18 13:12:37.255,1.66878,1.66913,1.50,2.44
2013.06.18 13:12:37.917,1.66878,1.66916,2.63,2.25
2013.06.18 13:12:37.977,1.66879,1.66916,1.50,2.25
2013.06.18 13:12:38.036,1.66879,1.66921,2.25,1.50
2013.06.18 13:12:38.096,1.66879,1.66921,2.25,1.50
2013.06.18 13:12:38.661,1.66884,1.66921,1.50,1.50
2013.06.18 13:12:40.915,1.6688,1.66921,1.50,1.50
2013.06.18 13:12:43.127,1.6688,1.66922,2.25,2.25
2013.06.18 13:12:43.660,1.6688,1.66922,1.69,2.25
2013.06.18 13:12:44.017,1.6688,1.66922,2.44,2.25
2013.06.18 13:12:45.588,1.6688,1.66919,2.44,1.69
2013.06.18 13:12:45.946,1.66879,1.6689,1.50,1.69
2013.06.18 13:12:46.305,1.66876,1.66885,1.50,2.25
2013.06.18 13:12:46.605,1.66869,1.66884,4.50,1.13
2013.06.18 13:12:47.006,1.66869,1.66886,4.50,2.85
2013.06.18 13:12:48.598,1.6687,1.66886,3.00,2.85
2013.06.18 13:12:49.196,1.66874,1.66887,1.50,1.69
2013.06.18 13:12:49.316,1.66875,1.66882,1.50,1.50
2013.06.18 13:12:49.376,1.6687,1.66886,3.00,2.44
2013.06.18 13:12:49.495,1.66871,1.66876,1.50,1.50
2013.06.18 13:12:50.076,1.66861,1.66876,3.00,2.25
2013.06.18 13:12:50.195,1.66867,1.66887,3.00,1.69
2013.06.18 13:12:50.297,1.66878,1.66891,1.50,1.69
2013.06.18 13:12:51.036,1.66877,1.66887,1.50,1.69
2013.06.18 13:12:51.335,1.66877,1.6689,1.50,2.44
2013.06.18 13:12:53.931,1.66872,1.66886,1.50,1.69
2013.06.18 13:12:54.034,1.66875,1.66886,1.50,1.69
2013.06.18 13:12:54.389,1.66874,1.66886,2.25,1.69
2013.06.18 13:12:54.506,1.66853,1.66886,1.69,1.50
2013.06.18 13:12:54.565,1.66854,1.66888,1.69,2.25
2013.06.18 13:12:56.555,1.66852,1.66888,2.44,2.25
2013.06.18 13:12:57.956,1.66853,1.66888,1.69,2.25
2013.06.18 13:13:00.615,1.66852,1.66888,2.44,2.25
2013.06.18 13:13:01.068,1.66853,1.66895,1.69,1.50
2013.06.18 13:13:01.127,1.66853,1.66896,1.69,2.44
2013.06.18 13:13:01.493,1.6686,1.66898,1.69,1.13
2013.06.18 13:13:02.576,1.6686,1.669,1.69,1.13
2013.06.18 13:13:06.990,1.66863,1.669,1.69,1.13
2013.06.18 13:13:07.995,1.66864,1.669,1.69,1.13
2013.06.18 13:13:08.175,1.66864,1.66902,1.69,2.25
2013.06.18 13:13:10.708,1.66864,1.669,1.69,1.50
2013.06.18 13:13:11.071,1.66861,1.66893,1.69,2.25
2013.06.18 13:13:11.136,1.66861,1.66895,1.69,2.25
2013.06.18 13:13:11.315,1.66863,1.66896,1.50,1.13
2013.06.18 13:13:16.085,1.66863,1.66896,2.25,1.13
2013.06.18 13:13:16.645,1.66866,1.66896,1.50,1.13
2013.06.18 13:13:18.616,1.66866,1.66895,1.50,2.25
2013.06.18 13:13:18.945,1.66862,1.66895,1.69,2.25
2013.06.18 13:13:22.265,1.66863,1.66895,1.69,2.25
2013.06.18 13:13:22.884,1.66865,1.66895,1.50,2.25
2013.06.18 13:13:23.068,1.66866,1.66898,1.50,2.25
2013.06.18 13:13:23.128,1.66866,1.669,1.50,1.69
2013.06.18 13:13:23.191,1.66866,1.669,2.25,1.69
2013.06.18 13:13:25.599,1.66874,1.66902,2.44,2.25
2013.06.18 13:13:25.907,1.66877,1.66902,1.50,2.25
2013.06.18 13:13:26.088,1.66874,1.66902,1.69,2.25
2013.06.18 13:13:26.148,1.66874,1.66902,2.44,2.25
2013.06.18 13:13:26.567,1.66874,1.66902,1.50,2.25
2013.06.18 13:13:27.706,1.66865,1.66902,1.69,2.25
2013.06.18 13:13:27.826,1.66865,1.66902,1.69,2.25
2013.06.18 13:13:27.946,1.66866,1.66906,1.32,1.50
2013.06.18 13:13:28.246,1.66866,1.6691,1.92,2.25
2013.06.18 13:13:28.886,1.66866,1.66908,1.92,1.50
2013.06.18 13:13:28.947,1.66865,1.66904,1.17,1.50
2013.06.18 13:13:29.067,1.66865,1.66909,1.17,1.50
2013.06.18 13:13:29.307,1.66868,1.66911,1.13,1.50
2013.06.18 13:13:29.756,1.66868,1.66906,1.13,2.25
2013.06.18 13:13:29.996,1.66868,1.66911,1.13,1.50
2013.06.18 13:13:30.176,1.66868,1.6691,1.32,1.50
2013.06.18 13:13:30.536,1.66861,1.66906,1.88,1.50
2013.06.18 13:13:30.927,1.66861,1.66902,1.13,1.50
2013.06.18 13:13:31.407,1.66858,1.66899,1.32,1.50
2013.06.18 13:13:31.767,1.6686,1.66898,1.13,1.50
2013.06.18 13:13:32.316,1.66861,1.66898,2.25,1.50
2013.06.18 13:13:32.376,1.66858,1.66898,2.25,1.50
2013.06.18 13:13:32.795,1.66853,1.66898,1.54,1.50
2013.06.18 13:13:33.446,1.66852,1.66893,1.54,1.50
2013.06.18 13:13:33.637,1.66852,1.66893,1.54,1.50
2013.06.18 13:13:33.937,1.66853,1.66893,1.54,1.50
2013.06.18 13:13:33.998,1.66853,1.66897,1.54,1.50
2013.06.18 13:13:34.117,1.66859,1.66903,1.69,1.50
2013.06.18 13:13:34.826,1.66855,1.669,1.69,1.50
2013.06.18 13:13:35.006,1.66855,1.66901,2.44,2.25
2013.06.18 13:13:35.185,1.66855,1.669,1.69,1.50
2013.06.18 13:13:35.524,1.66859,1.66898,2.44,1.50
2013.06.18 13:13:37.346,1.66861,1.66898,1.32,1.50
2013.06.18 13:13:38.290,1.66861,1.66899,1.32,1.50
2013.06.18 13:13:38.796,1.66861,1.66901,1.32,2.25
2013.06.18 13:13:39.118,1.66861,1.66898,1.32,1.50
2013.06.18 13:13:39.179,1.66859,1.66896,2.44,1.50
2013.06.18 13:13:39.309,1.66855,1.66892,2.07,1.50
2013.06.18 13:13:39.489,1.66853,1.66892,1.92,2.25
2013.06.18 13:13:39.608,1.66853,1.66892,1.92,2.25
2013.06.18 13:13:40.166,1.66853,1.66887,1.17,2.25
2013.06.18 13:13:43.275,1.66854,1.66895,1.32,1.50
2013.06.18 13:13:43.335,1.66854,1.66896,1.32,1.50
2013.06.18 13:13:44.416,1.66854,1.66896,1.32,1.50
2013.06.18 13:13:44.596,1.66859,1.66896,2.25,1.50
2013.06.18 13:13:44.897,1.66864,1.66901,1.73,2.25
2013.06.18 13:13:45.515,1.66858,1.66901,2.44,2.25
2013.06.18 13:13:45.756,1.66855,1.669,1.69,1.50
2013.06.18 13:13:45.815,1.66854,1.669,1.50,1.50
2013.06.18 13:13:45.936,1.66845,1.6689,1.69,1.50
2013.06.18 13:13:46.248,1.66849,1.66886,1.69,1.50
2013.06.18 13:13:46.366,1.66845,1.6689,1.69,1.50
2013.06.18 13:13:46.645,1.66844,1.66888,2.07,1.50
2013.06.18 13:13:47.255,1.66845,1.6689,2.44,1.50
2013.06.18 13:13:47.375,1.66845,1.66892,3.19,1.50
2013.06.18 13:13:48.437,1.66847,1.66892,1.69,1.50
2013.06.18 13:13:49.848,1.66847,1.66892,1.69,1.50
2013.06.18 13:13:50.255,1.66851,1.66894,1.69,1.50
2013.06.18 13:13:52.475,1.66856,1.66896,1.50,2.25
2013.06.18 13:13:52.805,1.6686,1.66896,1.50,2.25
2013.06.18 13:13:52.926,1.66857,1.66896,1.50,2.25
2013.06.18 13:13:53.550,1.66854,1.66896,1.69,2.25
2013.06.18 13:13:57.376,1.66856,1.66896,1.69,2.25
2013.06.18 13:14:02.986,1.66857,1.66896,1.69,2.25
2013.06.18 13:14:03.545,1.66857,1.66897,1.69,1.13
2013.06.18 13:14:06.338,1.66854,1.66895,1.69,1.50
2013.06.18 13:14:06.576,1.66858,1.66903,2.44,1.50
2013.06.18 13:14:06.817,1.66868,1.66903,1.09,2.25
2013.06.18 13:14:07.177,1.66871,1.66908,1.69,1.69
2013.06.18 13:14:07.719,1.66882,1.66907,1.69,1.69
2013.06.18 13:14:08.018,1.66883,1.66911,1.69,1.69
2013.06.18 13:14:08.076,1.66878,1.66911,1.69,1.69
2013.06.18 13:14:08.137,1.66875,1.66911,1.54,1.69
2013.06.18 13:14:09.135,1.6688,1.66918,1.69,1.69
2013.06.18 13:14:09.414,1.6688,1.66918,1.69,1.69
2013.06.18 13:14:09.628,1.66876,1.66911,1.69,1.13
2013.06.18 13:14:09.686,1.66876,1.6692,1.69,2.25
2013.06.18 13:14:09.745,1.66875,1.66918,1.69,1.50
2013.06.18 13:14:10.065,1.66876,1.66918,1.69,1.88
2013.06.18 13:14:10.125,1.66876,1.66918,1.50,1.88
2013.06.18 13:14:10.185,1.66874,1.66918,1.50,1.88
2013.06.18 13:14:10.745,1.66877,1.66918,2.25,1.13
2013.06.18 13:14:10.867,1.66868,1.66904,1.69,1.50
2013.06.18 13:14:10.988,1.66868,1.66907,1.69,1.50
2013.06.18 13:14:11.226,1.66868,1.66907,1.13,1.50
2013.06.18 13:14:11.346,1.66868,1.66906,1.88,1.69
2013.06.18 13:14:11.646,1.66867,1.66909,1.32,1.50
2013.06.18 13:14:11.765,1.66867,1.66907,1.32,1.50
2013.06.18 13:14:11.857,1.66867,1.66909,1.32,1.50
2013.06.18 13:14:12.559,1.66867,1.66909,1.32,1.50
2013.06.18 13:14:12.616,1.66865,1.66909,1.13,1.50
2013.06.18 13:14:12.736,1.66865,1.66899,1.13,1.50
2013.06.18 13:14:13.345,1.66864,1.66901,1.32,1.50
2013.06.18 13:14:13.856,1.66862,1.66898,1.32,1.50
2013.06.18 13:14:14.278,1.66857,1.66899,1.54,1.50
2013.06.18 13:14:15.230,1.66859,1.66899,1.69,1.50
2013.06.18 13:14:15.556,1.6686,1.66905,2.44,2.25
2013.06.18 13:14:15.876,1.66861,1.66905,1.32,1.50
2013.06.18 13:14:16.295,1.66862,1.66905,1.69,1.50
2013.06.18 13:14:16.476,1.6686,1.669,1.32,1.50
2013.06.18 13:14:16.716,1.66858,1.66896,1.32,1.50
2013.06.18 13:14:17.081,1.66852,1.66884,1.32,1.50
2013.06.18 13:14:17.555,1.66852,1.66889,1.32,1.50
2013.06.18 13:14:17.978,1.66852,1.66901,1.32,1.50
2013.06.18 13:14:18.685,1.66851,1.669,1.32,1.50
2013.06.18 13:14:19.092,1.66851,1.669,1.32,1.50
2013.06.18 13:14:19.558,1.66851,1.66896,1.32,1.88
2013.06.18 13:14:20.106,1.66851,1.66896,1.32,1.50
2013.06.18 13:14:20.377,1.6685,1.66896,1.32,2.44
2013.06.18 13:14:20.625,1.6685,1.66896,1.32,1.50
2013.06.18 13:14:20.746,1.66853,1.669,1.32,1.50
2013.06.18 13:14:20.866,1.66854,1.669,2.67,1.50
2013.06.18 13:14:20.987,1.66854,1.66899,2.07,1.13
2013.06.18 13:14:21.406,1.66855,1.66899,1.50,1.88
2013.06.18 13:14:21.766,1.66854,1.66897,1.13,1.50
2013.06.18 13:14:21.946,1.66845,1.66892,1.69,1.69
2013.06.18 13:14:22.127,1.66847,1.66892,1.50,2.44
2013.06.18 13:14:22.247,1.66844,1.66892,2.44,3.19
2013.06.18 13:14:22.879,1.66843,1.66882,1.69,2.44
2013.06.18 13:14:23.638,1.66843,1.66882,1.69,1.13
2013.06.18 13:14:24.816,1.66843,1.66884,1.50,2.44
2013.06.18 13:14:25.120,1.66843,1.66884,1.50,1.50
2013.06.18 13:14:25.189,1.66843,1.66885,1.50,1.73
2013.06.18 13:14:25.537,1.66843,1.66869,1.50,1.13
2013.06.18 13:14:25.959,1.66843,1.66865,1.50,1.13
2013.06.18 13:14:26.506,1.66843,1.66861,1.50,1.28
2013.06.18 13:14:28.086,1.66843,1.66861,1.50,1.28
2013.06.18 13:14:29.123,1.66843,1.66861,1.50,1.13
2013.06.18 13:14:29.667,1.66843,1.66855,1.50,2.63
2013.06.18 13:14:30.207,1.66841,1.66851,1.50,2.25
2013.06.18 13:14:30.570,1.66837,1.6685,1.50,1.50
2013.06.18 13:14:30.816,1.66827,1.6685,1.50,2.25
2013.06.18 13:14:31.016,1.66826,1.66846,1.50,1.50
2013.06.18 13:14:31.246,1.66827,1.6685,1.50,1.50
2013.06.18 13:14:32.036,1.66831,1.6685,1.50,1.65
2013.06.18 13:14:32.095,1.6683,1.66849,1.50,2.25
2013.06.18 13:14:32.526,1.6683,1.66844,1.50,1.50
2013.06.18 13:14:32.986,1.66833,1.66853,1.50,1.50
2013.06.18 13:14:33.046,1.66843,1.66854,1.50,2.25
2013.06.18 13:14:33.286,1.66841,1.66852,1.50,1.13
2013.06.18 13:14:33.717,1.66842,1.66854,1.50,2.25
2013.06.18 13:14:34.345,1.6684,1.66853,1.50,1.13
2013.06.18 13:14:34.647,1.66835,1.66844,1.50,2.25
2013.06.18 13:14:35.238,1.66824,1.66845,1.50,2.25
2013.06.18 13:14:36.036,1.66824,1.66843,1.50,1.50
2013.06.18 13:14:36.445,1.66821,1.66842,1.50,1.50
2013.06.18 13:14:36.746,1.66795,1.66837,1.69,1.47
2013.06.18 13:14:37.289,1.66791,1.66831,1.69,1.69
2013.06.18 13:14:37.347,1.66793,1.66832,1.69,1.69
2013.06.18 13:14:40.046,1.66791,1.66834,1.69,1.13
2013.06.18 13:14:40.107,1.66793,1.66833,1.69,1.88
2013.06.18 13:14:40.546,1.66812,1.66843,3.00,1.50
2013.06.18 13:14:40.865,1.66809,1.6683,3.00,1.13
2013.06.18 13:14:41.047,1.66792,1.66824,1.50,1.69
2013.06.18 13:14:41.346,1.66792,1.66813,1.50,1.50
2013.06.18 13:14:41.785,1.66767,1.66813,2.25,1.50
2013.06.18 13:14:42.036,1.66767,1.66813,2.25,2.44
2013.06.18 13:14:42.766,1.6677,1.66814,1.50,1.69
2013.06.18 13:14:42.826,1.6677,1.66815,2.25,1.69
2013.06.18 13:14:43.066,1.66772,1.66812,1.50,2.25
2013.06.18 13:14:43.452,1.66767,1.66809,1.50,1.50
2013.06.18 13:14:46.106,1.66767,1.66806,1.50,1.50
2013.06.18 13:14:48.056,1.66759,1.66804,3.34,1.50
2013.06.18 13:14:48.535,1.66759,1.66801,1.50,1.50
2013.06.18 13:14:48.595,1.66758,1.66799,1.50,1.50
2013.06.18 13:14:48.905,1.66759,1.66789,1.50,1.50
2013.06.18 13:14:49.025,1.66759,1.66789,1.50,1.50
2013.06.18 13:14:49.085,1.66759,1.66789,1.50,1.50
2013.06.18 13:14:49.206,1.66752,1.66789,2.25,1.50
2013.06.18 13:14:49.655,1.66752,1.66794,2.25,1.50
2013.06.18 13:14:50.687,1.66762,1.66798,1.50,2.25
2013.06.18 13:14:50.996,1.66763,1.66795,2.44,2.25
2013.06.18 13:14:51.116,1.66764,1.66801,1.50,1.50
2013.06.18 13:14:51.237,1.66765,1.66804,1.50,1.50
2013.06.18 13:14:53.937,1.66759,1.66802,2.10,1.50
2013.06.18 13:14:54.068,1.66759,1.66798,2.10,1.50
2013.06.18 13:14:54.646,1.66762,1.66803,1.50,1.50
2013.06.18 13:14:55.005,1.66764,1.66809,3.00,2.25
2013.06.18 13:14:56.426,1.66769,1.66809,1.35,2.25
2013.06.18 13:14:56.774,1.66771,1.66815,1.35,2.25
2013.06.18 13:14:58.147,1.66771,1.66815,1.35,2.25
2013.06.18 13:14:58.505,1.66768,1.6681,1.50,1.50
2013.06.18 13:14:58.566,1.66767,1.6681,1.50,1.50
2013.06.18 13:14:58.625,1.66762,1.66807,3.19,2.25
2013.06.18 13:14:58.746,1.66765,1.66807,1.13,1.50
2013.06.18 13:14:58.806,1.66763,1.66807,1.69,1.50
2013.06.18 13:14:58.926,1.66762,1.66805,3.19,1.13
2013.06.18 13:14:59.228,1.66762,1.66805,2.44,1.13
2013.06.18 13:14:59.575,1.66762,1.668,2.25,1.69
2013.06.18 13:15:00.016,1.66762,1.668,2.25,1.13
2013.06.18 13:15:00.536,1.66759,1.668,1.50,1.69
2013.06.18 13:15:00.896,1.66754,1.66795,1.50,1.13
2013.06.18 13:15:00.956,1.66754,1.66795,1.50,1.13
2013.06.18 13:15:04.248,1.66754,1.66791,1.50,1.28
2013.06.18 13:15:04.426,1.66752,1.66791,1.50,1.13
2013.06.18 13:15:04.488,1.66751,1.66791,1.50,1.13
2013.06.18 13:15:04.906,1.66747,1.66789,1.50,3.15
2013.06.18 13:15:05.411,1.66741,1.66782,1.50,1.50
2013.06.18 13:15:05.717,1.66737,1.66775,1.50,2.25
2013.06.18 13:15:05.898,1.66737,1.66776,1.50,1.50
2013.06.18 13:15:06.198,1.66737,1.66778,1.50,1.50
2013.06.18 13:15:06.587,1.6674,1.6678,1.50,2.07
2013.06.18 13:15:07.152,1.6674,1.66756,1.50,1.50
2013.06.18 13:15:07.346,1.66716,1.66759,1.50,1.50
2013.06.18 13:15:07.586,1.66713,1.66755,1.14,1.50
2013.06.18 13:15:07.946,1.667,1.66751,1.50,1.50
2013.06.18 13:15:08.956,1.6671,1.66754,1.50,1.69
2013.06.18 13:15:09.508,1.66713,1.66755,1.50,3.19
2013.06.18 13:15:10.086,1.66713,1.66754,1.50,2.44
2013.06.18 13:15:10.266,1.66713,1.66758,1.50,1.69
2013.06.18 13:15:10.386,1.66713,1.66758,2.25,1.50
2013.06.18 13:15:10.447,1.66712,1.66758,1.70,1.50
2013.06.18 13:15:10.806,1.66722,1.66764,1.50,1.69
2013.06.18 13:15:10.927,1.66723,1.66765,1.50,2.44
2013.06.18 13:15:11.596,1.66723,1.66765,1.50,2.44
2013.06.18 13:15:12.696,1.66723,1.66765,1.50,2.44
2013.06.18 13:15:13.246,1.66715,1.66759,1.50,1.50
2013.06.18 13:15:13.957,1.66712,1.66755,1.50,1.50
2013.06.18 13:15:14.745,1.66713,1.66758,2.25,2.25
2013.06.18 13:15:14.985,1.66713,1.66754,1.50,2.25
2013.06.18 13:15:15.286,1.66708,1.6675,1.50,1.50
2013.06.18 13:15:16.416,1.66711,1.66757,1.50,1.50
2013.06.18 13:15:16.536,1.66716,1.6676,1.50,1.69
2013.06.18 13:15:16.656,1.66716,1.66758,1.50,1.69
2013.06.18 13:15:17.176,1.66715,1.6676,1.50,1.69
2013.06.18 13:15:18.587,1.66727,1.66761,1.50,2.25
2013.06.18 13:15:18.826,1.66721,1.66753,1.50,2.25
2013.06.18 13:15:19.420,1.66721,1.66753,2.25,2.25
2013.06.18 13:15:19.536,1.66721,1.66753,2.25,2.25
2013.06.18 13:15:19.656,1.66721,1.66753,2.25,2.25
2013.06.18 13:15:19.777,1.66721,1.66751,1.50,1.69
2013.06.18 13:15:19.895,1.66721,1.66751,1.50,1.73
2013.06.18 13:15:20.198,1.66698,1.66736,1.50,1.50
2013.06.18 13:15:20.524,1.66691,1.6675,1.14,1.69
2013.06.18 13:15:20.589,1.66691,1.66759,1.14,2.44
2013.06.18 13:15:20.770,1.66697,1.66756,1.50,1.69
2013.06.18 13:15:21.126,1.66722,1.66769,2.48,1.13
2013.06.18 13:15:21.186,1.66727,1.66774,1.88,1.50
2013.06.18 13:15:21.248,1.66727,1.66774,2.63,3.00
2013.06.18 13:15:21.367,1.66732,1.66789,1.17,1.69
2013.06.18 13:15:21.426,1.66732,1.66789,1.17,1.69
2013.06.18 13:15:21.726,1.66737,1.66788,1.13,1.69
2013.06.18 13:15:22.146,1.66732,1.66779,1.17,1.50
2013.06.18 13:15:22.206,1.66727,1.66774,1.69,1.13
2013.06.18 13:15:22.566,1.66714,1.66761,1.50,1.17
2013.06.18 13:15:22.686,1.66712,1.66756,1.50,1.47
2013.06.18 13:15:22.807,1.66713,1.66758,1.50,1.32
2013.06.18 13:15:22.927,1.66713,1.66759,1.50,2.59
2013.06.18 13:15:22.987,1.66715,1.6676,1.50,1.50
2013.06.18 13:15:23.047,1.66716,1.66761,1.50,1.50
2013.06.18 13:15:23.166,1.66716,1.66764,1.50,1.50
2013.06.18 13:15:23.670,1.66721,1.66766,1.50,1.50
2013.06.18 13:15:24.065,1.66723,1.66766,1.50,1.50
2013.06.18 13:15:24.473,1.66735,1.6678,1.50,2.44
2013.06.18 13:15:24.956,1.66729,1.66774,1.50,2.44
2013.06.18 13:15:25.015,1.66733,1.66777,1.50,1.69
2013.06.18 13:15:27.285,1.66729,1.66764,1.50,1.50
2013.06.18 13:15:27.706,1.66737,1.66764,1.50,1.50
2013.06.18 13:15:28.087,1.66741,1.66764,1.50,1.50
2013.06.18 13:15:29.256,1.66736,1.66773,1.50,1.50
2013.06.18 13:15:29.936,1.66733,1.66768,1.50,1.50
2013.06.18 13:15:30.912,1.66736,1.66768,1.50,1.50
2013.06.18 13:15:31.576,1.66733,1.66767,1.50,1.50
2013.06.18 13:15:32.208,1.66736,1.66767,1.50,1.50
2013.06.18 13:15:32.687,1.66736,1.66764,1.50,3.00
2013.06.18 13:15:32.747,1.6673,1.66764,1.50,3.00
2013.06.18 13:15:34.896,1.66726,1.66764,1.50,3.00
2013.06.18 13:15:37.735,1.66726,1.66764,1.50,1.50
2013.06.18 13:15:38.036,1.6673,1.66767,1.50,1.50
2013.06.18 13:15:38.516,1.66731,1.66771,1.50,2.25
2013.06.18 13:15:39.137,1.66735,1.6677,1.50,1.13
2013.06.18 13:15:39.201,1.66735,1.66772,1.50,2.25
2013.06.18 13:15:39.266,1.66739,1.66772,1.50,2.25
2013.06.18 13:15:39.626,1.66746,1.66772,1.13,2.25
2013.06.18 13:15:39.746,1.66749,1.66786,1.88,2.25
2013.06.18 13:15:39.805,1.66752,1.66786,1.50,2.25
2013.06.18 13:15:40.046,1.66758,1.66803,1.13,1.69
2013.06.18 13:15:40.405,1.6676,1.66803,1.13,1.50
2013.06.18 13:15:40.465,1.66757,1.66803,1.13,1.50
2013.06.18 13:15:40.826,1.6675,1.66795,1.32,1.50
2013.06.18 13:15:41.155,1.66748,1.66791,1.13,1.50
2013.06.18 13:15:41.824,1.66749,1.66794,1.13,1.50
2013.06.18 13:15:41.886,1.66749,1.66795,1.13,1.50
2013.06.18 13:15:45.555,1.66749,1.66795,1.13,1.50
2013.06.18 13:15:45.617,1.66748,1.66794,2.25,1.50
2013.06.18 13:15:45.796,1.66744,1.66788,2.29,1.50
2013.06.18 13:15:46.171,1.66751,1.66793,2.25,2.07
2013.06.18 13:15:46.766,1.66752,1.668,1.50,1.13
2013.06.18 13:15:46.826,1.66753,1.668,1.50,1.13
2013.06.18 13:15:53.478,1.66757,1.66803,1.50,1.88
2013.06.18 13:15:53.840,1.66775,1.66816,2.25,1.13
2013.06.18 13:15:53.966,1.66776,1.66821,1.50,1.69
2013.06.18 13:15:54.087,1.66777,1.66821,1.50,1.69
2013.06.18 13:15:54.388,1.66779,1.66824,1.69,1.69
2013.06.18 13:15:54.742,1.66785,1.66819,2.25,2.25
2013.06.18 13:15:54.808,1.66785,1.66818,2.25,1.50
2013.06.18 13:15:54.938,1.66777,1.66815,1.50,1.50
2013.06.18 13:15:55.120,1.66777,1.66817,1.50,1.50
2013.06.18 13:15:55.587,1.66774,1.66817,1.13,1.50
2013.06.18 13:15:55.647,1.66773,1.66818,1.50,2.25
2013.06.18 13:15:55.767,1.66772,1.66812,1.69,1.50
2013.06.18 13:15:55.887,1.66772,1.66816,1.69,1.69
2013.06.18 13:15:56.495,1.66772,1.66816,1.69,1.69
2013.06.18 13:15:56.862,1.6677,1.66811,1.69,1.50
2013.06.18 13:15:57.202,1.66772,1.66811,1.69,1.69
2013.06.18 13:15:57.266,1.66771,1.66811,1.69,1.69
2013.06.18 13:15:58.049,1.66768,1.66811,1.69,1.69
2013.06.18 13:15:58.666,1.66774,1.66819,1.50,1.69
2013.06.18 13:15:58.727,1.66774,1.6682,1.50,2.07
2013.06.18 13:15:58.937,1.66774,1.6682,2.25,1.69
2013.06.18 13:15:59.447,1.66778,1.66823,1.50,2.44
2013.06.18 13:15:59.698,1.66775,1.66819,1.50,1.69
2013.06.18 13:16:00.246,1.66775,1.66819,1.88,1.69
2013.06.18 13:16:00.947,1.66775,1.66819,3.00,1.50
2013.06.18 13:16:03.048,1.66777,1.66824,1.50,1.69
2013.06.18 13:16:03.108,1.66778,1.66824,1.50,1.69
2013.06.18 13:16:04.226,1.66778,1.66824,1.50,1.69
2013.06.18 13:16:04.406,1.66775,1.6682,1.69,2.44
2013.06.18 13:16:04.466,1.66775,1.66819,1.69,1.13
2013.06.18 13:16:04.996,1.66774,1.66819,1.50,1.88
2013.06.18 13:16:06.656,1.66773,1.66819,2.44,1.88
2013.06.18 13:16:07.137,1.66776,1.66814,1.50,1.13
2013.06.18 13:16:07.691,1.66779,1.66815,1.50,1.13
2013.06.18 13:16:08.017,1.6677,1.66812,1.69,1.13
2013.06.18 13:16:08.077,1.66768,1.6681,1.69,1.13
2013.06.18 13:16:08.137,1.66767,1.66807,1.50,1.13
2013.06.18 13:16:08.550,1.66771,1.66807,1.50,1.13
2013.06.18 13:16:08.915,1.66775,1.66807,1.50,1.13
2013.06.18 13:16:09.197,1.66777,1.66807,2.25,1.13
2013.06.18 13:16:09.255,1.66779,1.66807,1.50,1.13
2013.06.18 13:16:09.806,1.66776,1.66808,1.50,1.13
2013.06.18 13:16:10.056,1.66778,1.6681,1.50,1.13
2013.06.18 13:16:10.359,1.66788,1.6681,1.50,1.13
2013.06.18 13:16:11.086,1.66789,1.66816,1.50,2.63
2013.06.18 13:16:11.146,1.66791,1.66819,1.50,1.13
2013.06.18 13:16:11.751,1.66791,1.66819,2.25,1.13
2013.06.18 13:16:12.546,1.66788,1.66819,1.50,1.13
2013.06.18 13:16:12.666,1.66788,1.66816,1.50,2.63
2013.06.18 13:16:13.466,1.66788,1.66816,1.50,1.13
2013.06.18 13:16:14.556,1.66787,1.66816,1.50,1.13
2013.06.18 13:16:15.876,1.66785,1.66817,1.50,1.13
2013.06.18 13:16:15.935,1.66783,1.66817,1.50,1.13
2013.06.18 13:16:16.295,1.66783,1.66816,1.50,2.25
2013.06.18 13:16:16.612,1.66787,1.66817,1.50,1.13
2013.06.18 13:16:17.297,1.66791,1.66822,1.50,1.13
2013.06.18 13:16:17.658,1.66791,1.66823,1.50,1.13
2013.06.18 13:16:20.156,1.66791,1.66821,1.50,2.25
2013.06.18 13:16:20.438,1.66789,1.66821,1.50,2.25
2013.06.18 13:16:20.497,1.66787,1.66819,1.50,1.13
2013.06.18 13:16:21.046,1.66787,1.66814,1.50,1.13
2013.06.18 13:16:21.165,1.66787,1.66818,1.50,2.25
2013.06.18 13:16:21.976,1.66785,1.66818,1.50,2.25
2013.06.18 13:16:22.036,1.66774,1.66809,1.69,1.13
2013.06.18 13:16:22.216,1.66773,1.66809,3.00,1.13
2013.06.18 13:16:22.726,1.66773,1.66806,3.00,1.50
2013.06.18 13:16:22.968,1.66779,1.66806,1.69,1.50
2013.06.18 13:16:23.030,1.66779,1.66817,1.50,1.13
2013.06.18 13:16:23.427,1.66782,1.66817,2.25,1.13
2013.06.18 13:16:24.295,1.66782,1.66812,2.25,2.25
2013.06.18 13:16:24.659,1.66779,1.66811,1.50,1.13
2013.06.18 13:16:24.719,1.66779,1.66809,1.50,1.13
2013.06.18 13:16:24.897,1.66774,1.66809,1.50,1.13
2013.06.18 13:16:25.976,1.66774,1.66811,2.25,1.13
2013.06.18 13:16:28.720,1.66774,1.66809,1.50,1.13
2013.06.18 13:16:30.945,1.66774,1.66807,1.50,1.50
2013.06.18 13:16:31.006,1.66767,1.66807,1.50,1.50
2013.06.18 13:16:31.070,1.66766,1.66798,2.25,1.13
2013.06.18 13:16:31.195,1.66767,1.66807,1.50,1.50
2013.06.18 13:16:31.255,1.66767,1.66809,1.50,1.13
2013.06.18 13:16:31.376,1.66771,1.66809,1.50,1.13
2013.06.18 13:16:31.701,1.66779,1.66808,1.50,1.13
2013.06.18 13:16:32.007,1.66787,1.66808,1.50,1.13
2013.06.18 13:16:32.567,1.66778,1.66808,2.25,1.13
2013.06.18 13:16:32.817,1.66779,1.66809,1.50,1.13
2013.06.18 13:16:32.997,1.6679,1.6682,1.50,1.13
2013.06.18 13:16:33.427,1.6679,1.66819,1.50,1.73
2013.06.18 13:16:33.546,1.66779,1.66807,1.50,1.13
2013.06.18 13:16:33.736,1.66782,1.66807,1.50,1.13
2013.06.18 13:16:33.855,1.66784,1.66816,1.50,1.13
2013.06.18 13:16:34.476,1.66784,1.66816,1.50,2.63
2013.06.18 13:16:34.596,1.6678,1.66816,1.69,2.63
2013.06.18 13:16:35.196,1.66779,1.66814,1.50,1.32
2013.06.18 13:16:35.435,1.66772,1.66814,1.50,1.32
2013.06.18 13:16:35.496,1.66774,1.66814,1.50,1.32
2013.06.18 13:16:35.556,1.66773,1.66814,1.50,1.13
2013.06.18 13:16:35.616,1.66774,1.66814,1.50,1.13
2013.06.18 13:16:35.977,1.66776,1.66809,1.50,2.25
2013.06.18 13:16:36.631,1.66776,1.66811,1.50,1.13
2013.06.18 13:16:36.996,1.66774,1.66813,1.50,1.13
2013.06.18 13:16:37.056,1.66774,1.66813,1.50,1.32
2013.06.18 13:16:37.416,1.66774,1.66806,1.50,2.25
2013.06.18 13:16:37.576,1.66774,1.66809,1.50,2.25
2013.06.18 13:16:37.758,1.66774,1.66806,2.25,1.50
2013.06.18 13:16:37.820,1.66774,1.66809,2.25,2.25
2013.06.18 13:16:37.888,1.66778,1.66814,2.25,1.13
2013.06.18 13:16:38.467,1.66788,1.66816,1.50,1.13
2013.06.18 13:16:39.436,1.66788,1.66811,1.50,1.13
2013.06.18 13:16:39.555,1.66778,1.66807,1.50,1.13
2013.06.18 13:16:39.775,1.66778,1.66809,2.25,1.13
2013.06.18 13:16:39.835,1.66778,1.66809,1.50,1.13
2013.06.18 13:16:39.996,1.66778,1.66807,1.50,1.50
2013.06.18 13:16:40.175,1.66778,1.66809,1.50,1.13
2013.06.18 13:16:40.236,1.66778,1.66819,2.25,2.63
2013.06.18 13:16:40.295,1.66778,1.66822,2.25,1.13
2013.06.18 13:16:40.416,1.66792,1.66819,1.50,2.63
2013.06.18 13:16:40.657,1.66788,1.66819,1.50,2.25
2013.06.18 13:16:40.956,1.66788,1.66815,1.50,2.25
2013.06.18 13:16:41.135,1.66788,1.66827,1.50,2.44
2013.06.18 13:16:41.256,1.66788,1.66827,1.50,1.69
2013.06.18 13:16:43.875,1.66788,1.66827,1.50,1.13
2013.06.18 13:16:44.176,1.6678,1.66813,2.40,1.13
2013.06.18 13:16:44.236,1.6678,1.6682,2.40,1.13
2013.06.18 13:16:44.295,1.66787,1.66822,1.50,2.63
2013.06.18 13:16:46.225,1.66787,1.66822,2.25,2.25
2013.06.18 13:16:46.702,1.66797,1.66825,1.50,2.25
2013.06.18 13:16:46.771,1.66797,1.66831,1.50,1.13
2013.06.18 13:16:49.436,1.66794,1.66831,1.50,1.13
2013.06.18 13:16:51.935,1.66794,1.66833,1.50,1.13
2013.06.18 13:16:52.476,1.66797,1.66839,1.50,1.13
2013.06.18 13:16:54.401,1.66797,1.66833,1.50,1.13
2013.06.18 13:16:56.976,1.66798,1.6684,1.50,1.50
2013.06.18 13:16:57.216,1.66802,1.66845,2.25,3.19
2013.06.18 13:16:57.335,1.66806,1.6685,2.25,1.13
2013.06.18 13:16:57.888,1.66806,1.66852,2.25,1.32
2013.06.18 13:16:59.576,1.66807,1.66852,1.50,2.07
2013.06.18 13:16:59.935,1.66807,1.66841,1.50,1.13
2013.06.18 13:16:59.995,1.66806,1.66841,2.25,1.13
2013.06.18 13:17:00.497,1.66806,1.66842,2.25,1.13
2013.06.18 13:17:00.906,1.66809,1.66843,1.50,1.50
2013.06.18 13:17:02.412,1.66811,1.66843,1.50,1.50
2013.06.18 13:17:07.615,1.66808,1.66843,2.25,1.50
2013.06.18 13:17:09.266,1.66812,1.66845,1.50,1.50
2013.06.18 13:17:09.387,1.66812,1.66849,1.50,2.25
2013.06.18 13:17:09.566,1.66812,1.66849,1.50,1.50
2013.06.18 13:17:09.686,1.66812,1.66849,2.40,1.50
2013.06.18 13:17:09.977,1.66813,1.66846,1.50,2.25
2013.06.18 13:17:10.437,1.66813,1.66856,1.50,1.50
2013.06.18 13:17:11.438,1.66808,1.66851,1.50,1.50
2013.06.18 13:17:11.797,1.66811,1.66856,2.25,1.69
2013.06.18 13:17:12.315,1.66815,1.66857,1.50,1.69
2013.06.18 13:17:14.776,1.66815,1.6686,1.50,1.50
2013.06.18 13:17:17.285,1.66808,1.66849,3.15,1.88
2013.06.18 13:17:17.957,1.66808,1.66834,1.50,1.50
2013.06.18 13:17:18.029,1.66808,1.66853,2.25,2.44
2013.06.18 13:17:18.089,1.66815,1.6686,1.50,2.44
2013.06.18 13:17:18.267,1.66815,1.6686,1.50,1.69
2013.06.18 13:17:18.716,1.66814,1.66861,1.50,1.69
2013.06.18 13:17:20.466,1.6682,1.66865,1.50,4.84
2013.06.18 13:17:21.047,1.6682,1.66858,1.50,2.44
2013.06.18 13:17:21.776,1.66813,1.66855,1.50,2.25
2013.06.18 13:17:22.016,1.66818,1.66857,1.50,3.19
2013.06.18 13:17:22.335,1.66818,1.66857,1.50,2.44
2013.06.18 13:17:23.857,1.66818,1.66857,1.50,2.44
2013.06.18 13:17:26.148,1.66818,1.66855,1.50,1.09
2013.06.18 13:17:26.486,1.66813,1.66852,1.50,2.25
2013.06.18 13:17:26.606,1.66809,1.66852,1.50,2.25
2013.06.18 13:17:26.666,1.66808,1.66852,1.50,2.25
2013.06.18 13:17:27.035,1.66808,1.66849,1.50,2.25
2013.06.18 13:17:27.337,1.66808,1.66846,1.50,2.44
2013.06.18 13:17:27.733,1.66803,1.66841,1.50,2.25
2013.06.18 13:17:28.026,1.66803,1.66846,1.50,2.44
2013.06.18 13:17:29.186,1.66803,1.66844,1.50,1.54
2013.06.18 13:17:29.852,1.66803,1.66842,1.50,2.10
2013.06.18 13:17:30.186,1.66803,1.66835,1.50,2.25
2013.06.18 13:17:30.686,1.66801,1.66831,1.50,2.25
2013.06.18 13:17:30.745,1.668,1.66831,1.50,2.25
2013.06.18 13:17:31.016,1.668,1.66835,1.50,2.25
2013.06.18 13:17:31.206,1.66803,1.66835,1.50,2.25
2013.06.18 13:17:31.636,1.66807,1.66835,1.50,2.25
2013.06.18 13:17:31.695,1.66807,1.66838,1.50,2.25
2013.06.18 13:17:32.606,1.66801,1.66838,1.50,2.25
2013.06.18 13:17:32.726,1.66797,1.66838,1.50,2.25
2013.06.18 13:17:33.159,1.66799,1.66838,3.00,2.25
2013.06.18 13:17:33.673,1.66809,1.66838,1.50,2.25
2013.06.18 13:17:34.027,1.66812,1.66838,1.50,2.25
2013.06.18 13:17:34.330,1.66809,1.66838,1.50,2.25
2013.06.18 13:17:34.849,1.66809,1.66838,1.50,2.25
2013.06.18 13:17:34.906,1.66812,1.66844,1.50,1.50
2013.06.18 13:17:34.967,1.66812,1.66846,1.50,3.00
2013.06.18 13:17:35.207,1.66819,1.66849,1.50,2.25
