2011.10.18 14:00:00.309,1.73194,1.73245,1.35,1.50
2011.10.18 14:00:00.430,1.73211,1.73245,1.28,1.50
2011.10.18 14:00:00.550,1.73213,1.73255,1.28,1.28
2011.10.18 14:00:00.668,1.73196,1.73255,2.78,1.28
2011.10.18 14:00:00.785,1.732,1.73266,1.50,1.50
2011.10.18 14:00:00.907,1.732,1.73218,1.50,1.50
2011.10.18 14:00:01.509,1.73115,1.73156,1.50,1.50
2011.10.18 14:00:01.626,1.7312,1.73156,1.28,1.50
2011.10.18 14:00:01.746,1.73115,1.73156,1.50,1.50
2011.10.18 14:00:02.309,1.73105,1.73156,1.50,1.50
2011.10.18 14:00:02.757,1.73105,1.73169,1.50,1.50
2011.10.18 14:00:03.365,1.73116,1.73182,1.50,1.50
2011.10.18 14:00:03.596,1.73107,1.73171,1.50,1.50
2011.10.18 14:00:04.968,1.73099,1.73169,1.50,2.03
2011.10.18 14:00:05.317,1.73107,1.73169,1.50,1.28
2011.10.18 14:00:05.454,1.73097,1.73161,1.50,2.03
2011.10.18 14:00:05.577,1.73111,1.73161,1.50,1.28
2011.10.18 14:00:05.697,1.73122,1.73175,1.28,1.50
2011.10.18 14:00:05.820,1.73122,1.73156,1.28,1.50
2011.10.18 14:00:05.937,1.73094,1.73148,1.88,1.50
2011.10.18 14:00:06.276,1.73097,1.73148,1.28,1.50
2011.10.18 14:00:06.631,1.73106,1.73148,1.73,1.50
2011.10.18 14:00:07.124,1.73108,1.73158,1.43,1.50
2011.10.18 14:00:07.255,1.73123,1.73164,1.28,1.28
2011.10.18 14:00:07.379,1.73123,1.73168,1.28,1.50
2011.10.18 14:00:07.722,1.73117,1.73166,1.28,2.03
2011.10.18 14:00:08.057,1.73131,1.73166,1.28,2.03
2011.10.18 14:00:08.176,1.73131,1.7317,1.28,1.50
2011.10.18 14:00:08.298,1.73131,1.73187,1.28,1.50
2011.10.18 14:00:08.526,1.73141,1.73187,1.28,1.50
2011.10.18 14:00:09.047,1.73129,1.73176,1.20,1.50
2011.10.18 14:00:09.183,1.73139,1.7319,1.28,1.50
2011.10.18 14:00:09.638,1.73139,1.732,1.58,1.50
2011.10.18 14:00:09.756,1.73149,1.732,1.28,1.50
2011.10.18 14:00:10.095,1.7314,1.732,1.58,1.50
2011.10.18 14:00:10.327,1.73142,1.73185,1.28,1.50
2011.10.18 14:00:10.446,1.73132,1.73196,1.05,1.50
2011.10.18 14:00:10.570,1.73156,1.73204,1.28,1.50
2011.10.18 14:00:11.011,1.73159,1.73204,1.28,1.50
2011.10.18 14:00:12.475,1.73149,1.73196,1.28,1.50
2011.10.18 14:00:13.394,1.7314,1.73186,1.28,1.50
2011.10.18 14:00:13.738,1.73144,1.73186,1.34,1.50
2011.10.18 14:00:13.855,1.73158,1.732,1.28,1.50
2011.10.18 14:00:13.977,1.73158,1.73198,1.28,1.28
2011.10.18 14:00:14.098,1.73154,1.73191,1.28,1.50
2011.10.18 14:00:14.218,1.73144,1.73191,1.43,1.50
2011.10.18 14:00:14.677,1.73143,1.73191,2.18,1.50
2011.10.18 14:00:15.098,1.73155,1.73191,1.88,1.50
2011.10.18 14:00:15.452,1.73191,1.73234,1.05,1.28
2011.10.18 14:00:15.677,1.73222,1.73253,1.28,1.28
2011.10.18 14:00:15.801,1.73217,1.73262,1.28,1.50
2011.10.18 14:00:16.028,1.7321,1.73262,1.28,1.50
2011.10.18 14:00:16.783,1.73206,1.73251,1.28,1.50
2011.10.18 14:00:17.555,1.73197,1.7325,1.34,1.50
2011.10.18 14:00:17.678,1.73194,1.73242,1.05,1.50
2011.10.18 14:00:18.019,1.73189,1.73212,2.03,1.50
2011.10.18 14:00:18.663,1.7316,1.7321,2.03,1.50
2011.10.18 14:00:18.875,1.73171,1.73209,2.03,1.50
2011.10.18 14:00:19.107,1.73163,1.73233,2.03,1.65
2011.10.18 14:00:19.345,1.73169,1.73209,1.28,1.50
2011.10.18 14:00:19.581,1.73156,1.73201,1.43,1.28
2011.10.18 14:00:19.926,1.73166,1.73206,1.28,1.50
2011.10.18 14:00:20.373,1.73167,1.73215,1.73,1.28
2011.10.18 14:00:20.494,1.73183,1.7323,1.28,1.50
2011.10.18 14:00:20.784,1.73176,1.7323,1.43,1.50
2011.10.18 14:00:21.356,1.73166,1.7323,1.50,1.50
2011.10.18 14:00:21.695,1.73167,1.73231,1.50,1.50
2011.10.18 14:00:21.925,1.73176,1.73239,1.50,1.50
2011.10.18 14:00:23.092,1.73183,1.73237,1.05,1.28
2011.10.18 14:00:23.429,1.73177,1.73225,1.28,1.50
2011.10.18 14:00:23.655,1.73188,1.73229,1.35,1.50
2011.10.18 14:00:23.890,1.73188,1.73224,1.35,1.28
2011.10.18 14:00:24.007,1.73188,1.73229,1.35,1.50
2011.10.18 14:00:24.235,1.73189,1.73241,1.35,1.28
2011.10.18 14:00:24.770,1.73189,1.73231,1.35,1.50
2011.10.18 14:00:25.371,1.73194,1.73241,2.03,1.50
2011.10.18 14:00:25.932,1.73184,1.7323,1.28,1.50
2011.10.18 14:00:26.385,1.73182,1.73238,2.03,1.50
2011.10.18 14:00:26.502,1.73192,1.73249,2.03,1.50
2011.10.18 14:00:29.664,1.73186,1.73249,1.50,1.50
2011.10.18 14:00:31.101,1.73192,1.73252,1.34,1.50
2011.10.18 14:00:31.878,1.73207,1.73248,1.28,1.13
2011.10.18 14:00:32.218,1.7319,1.73241,1.71,1.50
2011.10.18 14:00:36.462,1.73203,1.73241,2.40,1.50
2011.10.18 14:00:36.583,1.73204,1.73254,2.03,1.50
2011.10.18 14:00:36.915,1.73206,1.73254,2.18,1.50
2011.10.18 14:00:37.255,1.7321,1.73262,2.03,1.28
2011.10.18 14:00:37.818,1.73206,1.73254,2.18,1.50
2011.10.18 14:00:38.050,1.73206,1.73254,2.18,1.50
2011.10.18 14:00:38.436,1.73203,1.73239,1.26,1.50
2011.10.18 14:00:38.557,1.73208,1.7325,1.28,1.50
2011.10.18 14:00:38.786,1.73197,1.73234,1.34,1.50
2011.10.18 14:00:39.017,1.73198,1.7325,1.34,1.50
2011.10.18 14:00:39.249,1.73198,1.73238,1.64,1.50
2011.10.18 14:00:39.369,1.73188,1.73238,1.88,1.50
2011.10.18 14:00:39.870,1.73195,1.73238,1.28,1.50
2011.10.18 14:00:40.390,1.73201,1.73249,1.28,1.50
2011.10.18 14:00:40.728,1.73187,1.73246,1.80,1.28
2011.10.18 14:00:40.849,1.73175,1.73227,1.28,1.50
2011.10.18 14:00:41.076,1.73169,1.73227,1.20,1.50
2011.10.18 14:00:41.414,1.73183,1.73227,1.28,1.50
2011.10.18 14:00:41.534,1.73183,1.7324,1.28,1.50
2011.10.18 14:00:41.654,1.73181,1.7324,1.28,1.50
2011.10.18 14:00:41.776,1.73179,1.7324,1.28,1.50
2011.10.18 14:00:42.116,1.73169,1.73238,3.38,1.28
2011.10.18 14:00:42.509,1.73169,1.73231,2.63,1.50
2011.10.18 14:00:42.637,1.73174,1.73231,1.28,1.50
2011.10.18 14:00:42.977,1.73176,1.73242,2.78,1.50
2011.10.18 14:00:43.095,1.73183,1.73242,1.28,1.50
2011.10.18 14:00:43.215,1.73178,1.73242,2.03,1.50
2011.10.18 14:00:43.778,1.7318,1.73242,1.28,1.50
2011.10.18 14:00:44.444,1.7318,1.73229,1.28,1.50
2011.10.18 14:00:45.293,1.73175,1.73229,1.28,1.50
2011.10.18 14:00:45.750,1.73167,1.73229,1.50,1.50
2011.10.18 14:00:45.866,1.73165,1.73221,2.03,1.50
2011.10.18 14:00:46.208,1.73168,1.73217,1.34,1.50
2011.10.18 14:00:46.437,1.73184,1.73229,1.28,1.50
2011.10.18 14:00:47.245,1.73186,1.73229,1.28,1.50
2011.10.18 14:00:47.474,1.73183,1.73229,1.28,1.50
2011.10.18 14:00:47.706,1.73186,1.73229,1.28,1.50
2011.10.18 14:00:47.935,1.73168,1.73229,1.88,1.50
2011.10.18 14:00:48.607,1.73174,1.73235,2.48,1.28
2011.10.18 14:00:48.927,1.73178,1.73238,1.88,1.50
2011.10.18 14:00:49.256,1.7318,1.73234,1.28,1.28
2011.10.18 14:00:49.485,1.73167,1.73225,1.05,1.50
2011.10.18 14:00:49.607,1.73163,1.73225,1.50,1.50
2011.10.18 14:00:51.791,1.73161,1.73206,2.03,1.50
2011.10.18 14:00:52.897,1.7317,1.73206,1.28,1.50
2011.10.18 14:00:53.128,1.73166,1.73217,2.03,1.50
2011.10.18 14:00:53.245,1.73155,1.73207,2.61,1.50
2011.10.18 14:00:53.853,1.73165,1.73217,2.03,1.50
2011.10.18 14:00:54.078,1.73157,1.73205,1.34,1.28
2011.10.18 14:00:54.306,1.73171,1.73218,1.28,1.50
2011.10.18 14:00:56.347,1.73171,1.73217,1.28,1.50
2011.10.18 14:00:56.719,1.73157,1.73202,2.18,1.50
2011.10.18 14:00:57.078,1.73162,1.73209,2.03,1.50
2011.10.18 14:00:57.198,1.73162,1.73212,2.03,1.50
2011.10.18 14:00:57.538,1.7317,1.73212,1.28,1.50
2011.10.18 14:00:57.882,1.7317,1.73199,1.28,1.50
2011.10.18 14:00:58.198,1.7317,1.73222,1.28,1.50
2011.10.18 14:00:58.321,1.73175,1.73222,1.28,1.50
2011.10.18 14:00:58.437,1.73171,1.73222,1.28,1.50
2011.10.18 14:00:59.482,1.73172,1.73222,1.28,2.10
2011.10.18 14:00:59.598,1.7316,1.73222,1.50,2.10
2011.10.18 14:00:59.723,1.73158,1.73222,1.50,1.88
2011.10.18 14:01:00.108,1.73156,1.73208,1.50,1.28
2011.10.18 14:01:00.230,1.73157,1.73199,1.28,1.50
2011.10.18 14:01:00.349,1.73157,1.73199,1.58,1.50
2011.10.18 14:01:00.588,1.73156,1.73208,1.05,1.50
2011.10.18 14:01:00.706,1.73155,1.73208,2.03,1.50
2011.10.18 14:01:01.156,1.7315,1.73208,2.18,1.50
2011.10.18 14:01:01.547,1.73151,1.73208,1.05,1.50
2011.10.18 14:01:01.936,1.73151,1.73208,1.05,1.50
2011.10.18 14:01:02.367,1.73151,1.73208,1.05,1.50
2011.10.18 14:01:02.706,1.73152,1.73204,1.05,1.35
2011.10.18 14:01:03.049,1.73143,1.73185,2.03,1.50
2011.10.18 14:01:03.717,1.73129,1.73185,1.88,1.50
2011.10.18 14:01:04.355,1.73135,1.73201,1.05,1.13
2011.10.18 14:01:04.471,1.73135,1.73191,1.05,1.50
2011.10.18 14:01:04.591,1.73135,1.73185,1.05,1.50
2011.10.18 14:01:04.706,1.73135,1.73181,1.05,1.35
2011.10.18 14:01:04.827,1.73129,1.73173,1.58,1.50
2011.10.18 14:01:04.944,1.73127,1.73173,1.13,1.50
2011.10.18 14:01:05.065,1.73127,1.73173,1.13,1.50
2011.10.18 14:01:05.573,1.73127,1.73173,1.13,1.50
2011.10.18 14:01:06.305,1.73122,1.73173,2.10,1.50
2011.10.18 14:01:06.425,1.73122,1.73171,1.86,1.05
2011.10.18 14:01:06.741,1.73122,1.73152,1.86,1.50
2011.10.18 14:01:06.883,1.73111,1.73164,2.03,1.50
2011.10.18 14:01:07.306,1.73111,1.73164,1.88,1.50
2011.10.18 14:01:07.646,1.73115,1.73173,2.40,1.50
2011.10.18 14:01:07.878,1.7312,1.73173,1.28,1.50
2011.10.18 14:01:08.296,1.73118,1.73173,1.88,1.50
2011.10.18 14:01:09.568,1.73097,1.73139,2.09,1.50
2011.10.18 14:01:09.910,1.73097,1.73125,1.34,2.10
2011.10.18 14:01:10.025,1.73081,1.73125,1.05,2.10
2011.10.18 14:01:10.364,1.73085,1.73135,1.34,1.50
2011.10.18 14:01:10.488,1.73097,1.73136,1.43,1.35
2011.10.18 14:01:11.178,1.73101,1.73147,1.28,1.43
2011.10.18 14:01:11.298,1.73106,1.73153,1.35,1.13
2011.10.18 14:01:11.413,1.73106,1.73153,1.65,1.13
2011.10.18 14:01:11.756,1.73105,1.73139,2.03,1.50
2011.10.18 14:01:12.643,1.73086,1.73139,1.28,1.50
2011.10.18 14:01:13.156,1.73084,1.73139,1.28,1.50
2011.10.18 14:01:13.705,1.73085,1.73139,1.28,1.50
2011.10.18 14:01:14.047,1.73088,1.73139,1.28,1.50
2011.10.18 14:01:14.274,1.73085,1.73139,1.28,1.50
2011.10.18 14:01:14.771,1.73087,1.73139,1.28,1.50
2011.10.18 14:01:14.888,1.73084,1.73139,1.28,1.50
2011.10.18 14:01:15.393,1.73085,1.73139,1.28,1.50
2011.10.18 14:01:15.740,1.73081,1.73139,1.88,1.50
2011.10.18 14:01:16.249,1.73077,1.73139,1.20,1.50
2011.10.18 14:01:18.207,1.73084,1.73139,1.35,1.50
2011.10.18 14:01:18.652,1.73096,1.73153,1.28,1.13
2011.10.18 14:01:19.207,1.73096,1.73156,1.28,1.50
2011.10.18 14:01:19.545,1.73096,1.73154,1.28,1.50
2011.10.18 14:01:19.773,1.73096,1.73154,1.28,1.50
2011.10.18 14:01:19.895,1.73096,1.73154,1.28,1.50
2011.10.18 14:01:20.147,1.73096,1.73156,1.28,1.50
2011.10.18 14:01:21.146,1.73094,1.73156,2.03,1.50
2011.10.18 14:01:22.034,1.73092,1.73154,1.50,1.35
2011.10.18 14:01:22.818,1.73092,1.73151,1.50,1.28
2011.10.18 14:01:22.934,1.73119,1.73154,1.35,1.50
2011.10.18 14:01:23.059,1.73127,1.73161,1.50,1.28
2011.10.18 14:01:23.461,1.73139,1.73165,1.50,1.50
2011.10.18 14:01:24.475,1.73139,1.73202,1.50,2.78
2011.10.18 14:01:24.929,1.73139,1.73197,1.50,2.10
2011.10.18 14:01:25.269,1.73136,1.73189,1.05,1.35
2011.10.18 14:01:25.689,1.73128,1.73174,1.13,1.35
2011.10.18 14:01:25.915,1.73125,1.73187,1.50,1.20
2011.10.18 14:01:26.461,1.73125,1.73184,1.50,2.40
2011.10.18 14:01:26.688,1.73127,1.73189,1.35,3.00
2011.10.18 14:01:26.807,1.7313,1.73189,1.28,2.33
2011.10.18 14:01:27.038,1.73131,1.73183,1.58,1.35
2011.10.18 14:01:27.160,1.73123,1.73183,1.50,1.35
2011.10.18 14:01:30.410,1.73116,1.73178,1.35,1.50
2011.10.18 14:01:30.857,1.73127,1.73182,1.50,1.20
2011.10.18 14:01:31.087,1.73127,1.7319,1.50,1.80
2011.10.18 14:01:31.208,1.73129,1.7319,1.28,1.50
2011.10.18 14:01:31.329,1.73128,1.73189,1.05,2.25
2011.10.18 14:01:31.446,1.73127,1.73185,1.50,1.28
2011.10.18 14:01:31.566,1.73129,1.73189,1.28,1.52
2011.10.18 14:01:31.691,1.73129,1.7319,1.43,1.35
2011.10.18 14:01:32.531,1.73136,1.73196,1.50,1.73
2011.10.18 14:01:33.310,1.73127,1.73189,2.63,2.10
2011.10.18 14:01:33.768,1.73129,1.73189,1.05,1.50
2011.10.18 14:01:35.227,1.73127,1.73187,1.35,1.35
2011.10.18 14:01:35.555,1.73129,1.73189,1.20,2.10
2011.10.18 14:01:39.918,1.73129,1.73189,1.20,1.50
2011.10.18 14:01:40.446,1.73136,1.73198,1.35,1.50
2011.10.18 14:01:40.806,1.73134,1.73194,1.35,1.50
2011.10.18 14:01:40.927,1.73129,1.73188,1.05,1.35
2011.10.18 14:01:41.525,1.73128,1.73188,1.20,1.35
2011.10.18 14:01:41.648,1.73148,1.73191,1.35,2.03
2011.10.18 14:01:41.768,1.73146,1.73201,2.78,1.50
2011.10.18 14:01:42.565,1.73149,1.73201,1.28,1.35
2011.10.18 14:01:42.795,1.73145,1.73194,2.03,1.35
2011.10.18 14:01:42.918,1.73138,1.73194,1.50,1.73
2011.10.18 14:01:43.037,1.73134,1.7319,1.28,1.88
2011.10.18 14:01:43.158,1.73126,1.73189,1.50,2.03
2011.10.18 14:01:43.674,1.73126,1.73181,1.50,1.28
2011.10.18 14:01:43.789,1.73123,1.73181,1.19,1.50
2011.10.18 14:01:43.907,1.73126,1.73187,1.50,1.88
2011.10.18 14:01:44.356,1.73126,1.73188,1.50,1.05
2011.10.18 14:01:44.925,1.73126,1.7319,1.50,2.78
2011.10.18 14:01:45.268,1.73128,1.73194,2.03,1.50
2011.10.18 14:01:45.386,1.73137,1.732,1.50,1.50
2011.10.18 14:01:45.945,1.73137,1.73188,1.50,1.35
2011.10.18 14:01:46.065,1.73111,1.73172,1.34,1.28
2011.10.18 14:01:46.584,1.73111,1.73172,1.34,2.33
2011.10.18 14:01:47.317,1.73111,1.73172,1.34,2.18
2011.10.18 14:01:48.305,1.73111,1.7317,1.34,1.65
2011.10.18 14:01:48.659,1.73111,1.7317,1.34,1.95
2011.10.18 14:01:48.884,1.73096,1.73156,1.35,1.95
2011.10.18 14:01:49.005,1.73103,1.73158,1.50,2.18
2011.10.18 14:01:49.127,1.73105,1.73164,1.35,1.13
2011.10.18 14:01:49.249,1.73105,1.73165,1.35,1.52
2011.10.18 14:01:49.367,1.73103,1.73164,1.50,1.13
2011.10.18 14:01:49.703,1.73103,1.73164,1.50,1.30
2011.10.18 14:01:50.192,1.73107,1.73166,1.88,1.97
2011.10.18 14:01:50.314,1.73109,1.73169,1.20,1.50
2011.10.18 14:01:50.441,1.7311,1.73169,2.18,1.50
2011.10.18 14:01:50.669,1.73121,1.7318,1.50,1.07
2011.10.18 14:01:50.895,1.73123,1.7318,1.13,1.07
2011.10.18 14:01:51.236,1.73136,1.73183,1.50,1.35
2011.10.18 14:01:52.079,1.73137,1.73194,1.35,2.18
2011.10.18 14:01:52.426,1.73172,1.73206,1.50,1.13
2011.10.18 14:01:53.320,1.73185,1.73212,1.50,1.50
2011.10.18 14:01:53.772,1.73192,1.73212,1.50,1.50
2011.10.18 14:01:53.890,1.73182,1.73212,2.03,1.50
2011.10.18 14:01:54.333,1.73185,1.73204,1.28,1.35
2011.10.18 14:01:54.462,1.73181,1.73204,1.50,1.35
2011.10.18 14:01:54.687,1.73181,1.73202,1.50,1.28
2011.10.18 14:01:54.811,1.7317,1.73207,1.50,1.05
2011.10.18 14:01:56.825,1.73161,1.73209,1.28,1.50
2011.10.18 14:01:56.945,1.73156,1.73209,1.35,1.50
2011.10.18 14:01:57.065,1.73154,1.73208,2.10,1.50
2011.10.18 14:01:57.738,1.73154,1.73213,2.10,2.03
2011.10.18 14:01:58.502,1.73154,1.73216,3.53,1.50
2011.10.18 14:01:59.644,1.73155,1.73216,2.18,1.50
2011.10.18 14:02:00.206,1.73186,1.73216,1.28,1.50
2011.10.18 14:02:00.326,1.7319,1.73237,1.50,1.50
2011.10.18 14:02:00.725,1.73186,1.73231,1.43,1.50
2011.10.18 14:02:00.845,1.73169,1.73231,1.35,1.65
2011.10.18 14:02:01.557,1.73167,1.73231,1.50,1.50
2011.10.18 14:02:02.750,1.7316,1.73222,1.28,2.03
2011.10.18 14:02:02.867,1.7316,1.73219,1.28,1.50
2011.10.18 14:02:02.986,1.73155,1.73218,1.50,2.03
2011.10.18 14:02:03.105,1.73155,1.73216,1.50,1.28
2011.10.18 14:02:03.447,1.73155,1.73214,1.50,1.28
2011.10.18 14:02:03.787,1.73155,1.73212,1.50,1.88
2011.10.18 14:02:04.125,1.73158,1.73218,1.28,1.35
2011.10.18 14:02:04.466,1.73158,1.73219,2.63,1.50
2011.10.18 14:02:04.833,1.73168,1.7322,1.50,1.28
2011.10.18 14:02:04.970,1.73169,1.73227,2.03,1.35
2011.10.18 14:02:05.088,1.73169,1.73224,2.03,1.35
2011.10.18 14:02:05.428,1.73146,1.73207,1.71,1.88
2011.10.18 14:02:06.017,1.73146,1.73208,1.34,2.63
2011.10.18 14:02:06.137,1.73153,1.73208,1.19,2.03
2011.10.18 14:02:06.367,1.73154,1.73209,1.28,1.50
2011.10.18 14:02:06.789,1.73156,1.73219,1.65,1.35
2011.10.18 14:02:07.353,1.73156,1.73219,1.80,2.03
2011.10.18 14:02:07.854,1.73156,1.73219,1.50,2.63
2011.10.18 14:02:08.196,1.73146,1.73183,1.34,1.28
2011.10.18 14:02:08.619,1.73143,1.73182,1.50,1.28
2011.10.18 14:02:08.744,1.73153,1.73215,1.50,1.50
2011.10.18 14:02:09.645,1.73153,1.73206,1.50,2.03
2011.10.18 14:02:10.236,1.7314,1.73204,1.50,1.50
2011.10.18 14:02:10.357,1.73149,1.73206,1.50,2.03
2011.10.18 14:02:10.879,1.73149,1.73215,3.15,1.50
2011.10.18 14:02:11.465,1.73151,1.73215,1.05,1.50
2011.10.18 14:02:11.826,1.73151,1.73215,2.93,1.50
2011.10.18 14:02:11.947,1.73151,1.73213,2.33,1.35
2011.10.18 14:02:12.298,1.73154,1.73213,2.03,1.35
2011.10.18 14:02:12.892,1.73159,1.73218,1.50,1.73
2011.10.18 14:02:13.015,1.73147,1.73207,1.50,1.73
2011.10.18 14:02:13.355,1.73147,1.73213,1.50,1.50
2011.10.18 14:02:13.585,1.73151,1.73213,1.65,1.50
2011.10.18 14:02:13.927,1.73156,1.7322,1.50,1.50
2011.10.18 14:02:14.267,1.73154,1.7321,1.28,1.35
2011.10.18 14:02:14.387,1.73145,1.7321,1.50,1.35
2011.10.18 14:02:14.809,1.73155,1.7321,1.28,1.35
2011.10.18 14:02:14.933,1.73161,1.7322,1.50,1.35
2011.10.18 14:02:15.495,1.73161,1.7322,1.50,1.35
2011.10.18 14:02:16.076,1.73161,1.7322,1.50,1.35
2011.10.18 14:02:16.645,1.73161,1.7322,1.50,1.35
2011.10.18 14:02:17.220,1.73164,1.73222,1.35,2.03
2011.10.18 14:02:17.371,1.73184,1.73224,1.28,1.88
2011.10.18 14:02:17.710,1.73182,1.73218,1.28,1.35
2011.10.18 14:02:17.825,1.73158,1.73215,1.28,1.50
2011.10.18 14:02:17.947,1.73155,1.73215,1.28,1.50
2011.10.18 14:02:18.071,1.73151,1.73209,1.50,1.28
2011.10.18 14:02:18.403,1.73151,1.73207,1.50,1.28
2011.10.18 14:02:18.636,1.73141,1.73207,1.50,2.78
2011.10.18 14:02:19.574,1.73141,1.73201,1.50,1.28
2011.10.18 14:02:19.697,1.73141,1.73207,1.50,1.50
2011.10.18 14:02:20.038,1.73154,1.73207,1.28,1.50
2011.10.18 14:02:20.270,1.73156,1.73217,1.50,1.28
2011.10.18 14:02:20.499,1.73163,1.73224,2.03,1.50
2011.10.18 14:02:20.616,1.73165,1.73224,1.50,2.78
2011.10.18 14:02:20.847,1.73165,1.73219,1.50,1.28
2011.10.18 14:02:21.248,1.73156,1.73222,1.28,2.10
2011.10.18 14:02:21.366,1.73152,1.73216,1.50,1.50
2011.10.18 14:02:22.795,1.73143,1.73206,2.03,2.03
2011.10.18 14:02:24.615,1.73148,1.73208,1.28,1.50
2011.10.18 14:02:24.954,1.73147,1.73208,1.88,1.50
2011.10.18 14:02:26.487,1.73155,1.73207,1.50,1.05
2011.10.18 14:02:26.845,1.73147,1.73193,1.28,1.28
2011.10.18 14:02:26.975,1.73136,1.73197,1.34,1.50
2011.10.18 14:02:27.098,1.73143,1.73204,1.50,1.88
2011.10.18 14:02:27.832,1.73153,1.7321,1.35,1.28
2011.10.18 14:02:28.165,1.73153,1.73206,1.35,1.28
2011.10.18 14:02:28.286,1.73153,1.73214,1.35,1.28
2011.10.18 14:02:28.404,1.73153,1.73214,1.73,1.28
2011.10.18 14:02:28.814,1.73161,1.73224,2.03,2.25
2011.10.18 14:02:28.948,1.73167,1.73224,1.50,1.50
2011.10.18 14:02:29.277,1.7316,1.73215,1.28,1.88
2011.10.18 14:02:29.506,1.73169,1.73225,1.35,1.50
2011.10.18 14:02:29.629,1.73169,1.73224,1.20,2.25
2011.10.18 14:02:29.749,1.73169,1.73224,1.35,1.50
2011.10.18 14:02:30.317,1.73173,1.73225,1.28,1.50
2011.10.18 14:02:30.437,1.73176,1.73225,1.50,1.50
2011.10.18 14:02:31.335,1.7317,1.7323,1.05,1.50
2011.10.18 14:02:31.840,1.73169,1.7323,1.05,1.50
2011.10.18 14:02:32.396,1.73167,1.73225,1.50,2.03
2011.10.18 14:02:32.517,1.73167,1.73225,1.50,2.03
2011.10.18 14:02:32.855,1.73167,1.7323,1.50,1.50
2011.10.18 14:02:33.258,1.73168,1.73228,1.35,1.28
2011.10.18 14:02:33.485,1.73168,1.73233,1.35,1.50
2011.10.18 14:02:34.377,1.73167,1.73227,1.50,1.28
2011.10.18 14:02:35.132,1.73167,1.73228,1.50,1.28
2011.10.18 14:02:35.917,1.73167,1.7323,1.50,2.03
2011.10.18 14:02:36.529,1.73167,1.73229,1.50,1.28
2011.10.18 14:02:36.646,1.73167,1.73222,1.50,1.28
2011.10.18 14:02:36.990,1.73175,1.73231,1.35,2.03
2011.10.18 14:02:37.348,1.73183,1.73233,1.28,1.13
2011.10.18 14:02:37.469,1.73186,1.73248,1.50,1.50
2011.10.18 14:02:38.935,1.7318,1.73239,2.55,1.28
2011.10.18 14:02:39.062,1.7318,1.7323,1.28,1.50
2011.10.18 14:02:39.176,1.73168,1.7323,1.50,1.50
2011.10.18 14:02:39.546,1.73168,1.7323,1.43,1.50
2011.10.18 14:02:39.673,1.73184,1.73243,1.28,2.25
2011.10.18 14:02:39.966,1.73182,1.73243,1.28,2.25
2011.10.18 14:02:41.376,1.73177,1.73233,1.50,1.28
2011.10.18 14:02:41.498,1.7317,1.73233,1.35,2.40
2011.10.18 14:02:41.615,1.73169,1.73232,1.35,1.35
2011.10.18 14:02:41.739,1.73167,1.7322,1.26,2.48
2011.10.18 14:02:42.179,1.73166,1.73212,1.34,1.28
2011.10.18 14:02:42.405,1.73166,1.73218,1.34,1.88
2011.10.18 14:02:42.745,1.73158,1.73211,1.34,3.00
2011.10.18 14:02:43.086,1.73154,1.73207,1.05,1.28
2011.10.18 14:02:43.796,1.73154,1.73214,1.65,2.03
2011.10.18 14:02:43.915,1.73156,1.73218,1.50,2.78
2011.10.18 14:02:44.562,1.73156,1.73218,1.50,1.50
2011.10.18 14:02:45.199,1.73156,1.73218,1.50,1.50
2011.10.18 14:02:45.865,1.73156,1.73218,1.50,1.50
2011.10.18 14:02:45.985,1.7316,1.73218,1.28,1.50
2011.10.18 14:02:46.326,1.73164,1.73218,1.28,1.50
2011.10.18 14:02:46.554,1.73161,1.73218,1.28,1.50
2011.10.18 14:02:46.677,1.73164,1.73218,1.28,1.50
2011.10.18 14:02:47.182,1.7317,1.73218,1.88,1.50
2011.10.18 14:02:47.316,1.73175,1.73234,2.78,1.13
2011.10.18 14:02:47.437,1.73175,1.73233,1.50,2.03
2011.10.18 14:02:47.670,1.73175,1.73234,1.50,1.13
2011.10.18 14:02:47.898,1.73167,1.73229,2.09,1.35
2011.10.18 14:02:48.020,1.73167,1.7322,1.50,1.35
2011.10.18 14:02:48.356,1.73154,1.73215,1.86,1.13
2011.10.18 14:02:48.949,1.73153,1.73215,1.34,1.13
2011.10.18 14:02:49.514,1.73163,1.73224,2.61,1.50
2011.10.18 14:02:49.989,1.73163,1.73194,1.86,1.50
2011.10.18 14:02:50.217,1.73147,1.73194,2.09,1.50
2011.10.18 14:02:50.816,1.73147,1.73191,1.13,1.13
2011.10.18 14:02:51.179,1.73133,1.73185,1.05,2.10
2011.10.18 14:02:52.657,1.73129,1.73183,1.05,1.35
2011.10.18 14:02:53.118,1.73125,1.73183,1.05,3.00
2011.10.18 14:02:53.239,1.73126,1.73183,1.05,1.73
2011.10.18 14:02:53.355,1.73126,1.73183,1.05,1.73
2011.10.18 14:02:53.916,1.73126,1.73184,1.50,1.35
2011.10.18 14:02:54.475,1.73127,1.73184,1.65,1.35
2011.10.18 14:02:54.593,1.73128,1.73191,1.50,3.00
2011.10.18 14:02:55.628,1.73131,1.73191,1.05,1.35
2011.10.18 14:02:55.979,1.73131,1.73191,1.35,1.35
2011.10.18 14:02:56.506,1.73131,1.73191,1.35,1.35
2011.10.18 14:02:56.859,1.73128,1.73184,1.58,2.10
2011.10.18 14:02:57.257,1.73123,1.73183,1.05,1.35
2011.10.18 14:02:57.376,1.73123,1.73183,1.20,2.48
2011.10.18 14:02:57.610,1.73124,1.73181,1.05,2.10
2011.10.18 14:02:58.647,1.73116,1.73174,1.71,1.35
2011.10.18 14:02:59.209,1.73121,1.73175,1.19,1.50
2011.10.18 14:02:59.655,1.73122,1.73184,1.35,1.35
2011.10.18 14:03:00.626,1.73122,1.73179,1.35,1.28
2011.10.18 14:03:01.338,1.73121,1.73179,1.34,1.88
2011.10.18 14:03:01.935,1.73121,1.7317,1.19,1.50
2011.10.18 14:03:02.166,1.73144,1.73202,1.50,1.73
2011.10.18 14:03:02.505,1.73148,1.73202,1.58,1.13
2011.10.18 14:03:02.847,1.73166,1.73224,1.50,1.50
2011.10.18 14:03:02.966,1.73176,1.73229,1.50,1.50
2011.10.18 14:03:03.086,1.73188,1.73229,1.50,1.50
2011.10.18 14:03:03.928,1.7319,1.73228,1.28,1.50
2011.10.18 14:03:04.054,1.73188,1.73229,1.50,1.50
2011.10.18 14:03:04.177,1.73196,1.73259,1.50,1.50
2011.10.18 14:03:04.524,1.73182,1.7326,1.71,1.50
2011.10.18 14:03:04.868,1.73188,1.7325,1.50,1.50
2011.10.18 14:03:05.100,1.73186,1.7325,1.50,1.50
2011.10.18 14:03:06.077,1.73198,1.73247,1.50,1.28
2011.10.18 14:03:06.199,1.73185,1.73247,1.50,1.28
2011.10.18 14:03:06.729,1.73178,1.73234,1.34,2.03
2011.10.18 14:03:07.013,1.73178,1.73233,1.34,2.78
2011.10.18 14:03:07.861,1.73162,1.73219,1.50,2.03
2011.10.18 14:03:08.084,1.73167,1.73224,1.13,1.50
2011.10.18 14:03:08.427,1.73182,1.73234,1.50,1.50
2011.10.18 14:03:08.551,1.73173,1.73233,2.03,2.25
2011.10.18 14:03:08.668,1.7317,1.73233,1.50,1.50
2011.10.18 14:03:08.787,1.7318,1.73234,1.50,1.50
2011.10.18 14:03:09.656,1.7318,1.73233,1.50,1.50
2011.10.18 14:03:09.940,1.73165,1.73223,1.88,2.03
2011.10.18 14:03:10.171,1.73165,1.73225,1.73,2.78
2011.10.18 14:03:10.727,1.73167,1.73228,1.35,2.25
2011.10.18 14:03:13.831,1.73179,1.73234,1.88,1.50
2011.10.18 14:03:14.165,1.73187,1.73244,1.35,1.50
2011.10.18 14:03:14.510,1.73192,1.73251,1.50,1.50
2011.10.18 14:03:14.759,1.73192,1.73246,1.50,1.28
2011.10.18 14:03:15.217,1.73189,1.73246,1.50,2.03
2011.10.18 14:03:15.986,1.73201,1.73263,1.35,1.67
2011.10.18 14:03:16.108,1.73203,1.73261,1.34,1.28
2011.10.18 14:03:16.449,1.73203,1.73265,1.94,2.03
2011.10.18 14:03:16.570,1.73213,1.73269,1.35,1.13
2011.10.18 14:03:16.688,1.73213,1.73275,1.35,2.03
2011.10.18 14:03:17.359,1.7321,1.73271,1.50,1.28
2011.10.18 14:03:17.683,1.7321,1.7327,1.50,2.03
2011.10.18 14:03:18.019,1.7321,1.7327,1.50,2.03
2011.10.18 14:03:18.577,1.73202,1.73263,1.56,1.50
2011.10.18 14:03:18.697,1.73202,1.73263,1.56,1.50
2011.10.18 14:03:19.364,1.73197,1.73253,1.34,1.50
2011.10.18 14:03:19.934,1.73198,1.73253,1.34,1.50
2011.10.18 14:03:22.260,1.73197,1.73249,1.34,1.13
2011.10.18 14:03:25.665,1.73193,1.7325,1.50,2.03
2011.10.18 14:03:27.389,1.73189,1.73246,1.65,1.50
2011.10.18 14:03:28.539,1.73191,1.73254,1.50,1.50
2011.10.18 14:03:35.234,1.73194,1.73248,2.10,2.03
2011.10.18 14:03:35.573,1.73212,1.73271,1.50,1.50
2011.10.18 14:03:37.897,1.73203,1.73265,1.35,1.50
2011.10.18 14:03:38.579,1.73212,1.73268,1.50,1.13
2011.10.18 14:03:39.246,1.73238,1.73278,2.18,1.52
2011.10.18 14:03:39.366,1.73238,1.73293,2.33,1.35
2011.10.18 14:03:40.878,1.73241,1.73303,1.28,2.25
2011.10.18 14:03:41.326,1.73237,1.733,1.35,1.50
2011.10.18 14:03:41.453,1.73229,1.73293,1.50,1.50
2011.10.18 14:03:42.226,1.73229,1.73293,3.38,1.50
2011.10.18 14:03:42.566,1.73238,1.73301,2.03,1.50
2011.10.18 14:03:43.334,1.73235,1.73293,1.88,1.50
2011.10.18 14:03:43.967,1.73235,1.7329,1.28,1.50
2011.10.18 14:03:44.312,1.73227,1.73274,1.34,1.50
2011.10.18 14:03:45.001,1.73227,1.73274,1.34,1.50
2011.10.18 14:03:45.350,1.73202,1.73259,2.03,1.50
2011.10.18 14:03:45.576,1.73202,1.73259,1.28,1.50
2011.10.18 14:03:45.696,1.73204,1.73265,1.13,1.28
2011.10.18 14:03:45.817,1.73209,1.73273,1.35,1.50
2011.10.18 14:03:46.516,1.73207,1.73271,1.50,1.13
2011.10.18 14:03:47.236,1.73203,1.73264,1.20,1.50
2011.10.18 14:03:48.787,1.73203,1.73264,1.20,1.50
2011.10.18 14:03:49.784,1.73203,1.73264,1.20,1.50
2011.10.18 14:03:50.275,1.73201,1.73264,1.35,1.50
2011.10.18 14:03:51.500,1.73205,1.73264,1.28,1.50
2011.10.18 14:03:51.915,1.73213,1.73264,1.88,1.50
2011.10.18 14:03:52.448,1.73216,1.73271,1.28,1.50
2011.10.18 14:03:52.898,1.73219,1.73271,1.28,1.50
2011.10.18 14:03:54.078,1.73219,1.73275,1.65,1.50
2011.10.18 14:03:54.418,1.7323,1.73283,1.88,1.13
2011.10.18 14:03:55.116,1.73231,1.73283,1.88,1.13
2011.10.18 14:03:55.463,1.73231,1.73287,1.88,1.13
2011.10.18 14:03:55.690,1.73249,1.73294,1.28,1.50
2011.10.18 14:03:56.226,1.7325,1.7331,2.03,1.50
2011.10.18 14:03:56.346,1.7325,1.73313,2.03,1.50
2011.10.18 14:03:56.465,1.73249,1.73303,1.28,1.50
2011.10.18 14:03:56.993,1.73245,1.73301,1.28,1.50
2011.10.18 14:03:57.408,1.73241,1.73301,1.34,1.50
2011.10.18 14:03:58.213,1.73241,1.73296,1.34,2.03
2011.10.18 14:03:59.387,1.73245,1.73292,1.28,1.50
2011.10.18 14:03:59.618,1.73235,1.73292,1.86,1.50
2011.10.18 14:04:00.129,1.73231,1.73292,1.86,1.50
2011.10.18 14:04:00.355,1.73231,1.73292,1.86,1.50
2011.10.18 14:04:00.478,1.73231,1.73292,1.86,1.50
2011.10.18 14:04:00.594,1.7323,1.73292,2.61,1.50
2011.10.18 14:04:01.184,1.73232,1.73292,1.86,1.50
2011.10.18 14:04:01.308,1.73241,1.73292,1.19,1.50
2011.10.18 14:04:02.750,1.73255,1.73312,1.50,1.13
2011.10.18 14:04:02.867,1.73246,1.7331,1.50,1.50
2011.10.18 14:04:03.428,1.73246,1.7331,1.50,1.50
2011.10.18 14:04:03.718,1.73237,1.73289,1.86,1.50
2011.10.18 14:04:04.301,1.73237,1.73289,1.86,1.50
2011.10.18 14:04:06.137,1.7324,1.73302,1.34,1.50
2011.10.18 14:04:06.811,1.7324,1.73302,1.34,1.50
2011.10.18 14:04:07.561,1.7324,1.73302,1.34,2.78
2011.10.18 14:04:08.116,1.7324,1.73302,1.34,2.78
2011.10.18 14:04:08.457,1.73243,1.73302,1.34,2.03
2011.10.18 14:04:09.969,1.73248,1.73302,1.13,2.03
2011.10.18 14:04:10.088,1.73249,1.73302,1.50,2.03
2011.10.18 14:04:10.868,1.73251,1.73302,1.35,2.03
2011.10.18 14:04:10.988,1.73249,1.73302,1.50,2.03
2011.10.18 14:04:11.528,1.73258,1.73302,1.50,1.28
2011.10.18 14:04:11.674,1.7325,1.73309,1.43,1.50
2011.10.18 14:04:11.800,1.73248,1.73309,1.13,1.50
2011.10.18 14:04:12.135,1.73257,1.73309,1.28,1.50
2011.10.18 14:04:12.257,1.73252,1.73309,1.28,1.50
2011.10.18 14:04:12.380,1.73248,1.73309,1.13,1.50
2011.10.18 14:04:13.258,1.73246,1.73291,2.40,1.50
2011.10.18 14:04:13.487,1.7324,1.73296,1.50,1.13
2011.10.18 14:04:14.048,1.73238,1.73291,1.34,1.50
2011.10.18 14:04:14.704,1.73238,1.73291,1.34,1.50
2011.10.18 14:04:15.046,1.73238,1.73291,1.34,1.50
2011.10.18 14:04:15.816,1.73237,1.73291,1.34,1.50
2011.10.18 14:04:16.376,1.73238,1.73291,1.34,1.50
2011.10.18 14:04:16.825,1.73237,1.73291,1.34,1.50
2011.10.18 14:04:17.139,1.73237,1.73291,1.34,1.50
2011.10.18 14:04:17.365,1.73229,1.73291,1.34,1.50
2011.10.18 14:04:17.974,1.73217,1.73279,1.34,1.50
2011.10.18 14:04:18.102,1.73219,1.73281,1.86,1.50
2011.10.18 14:04:18.875,1.73228,1.73289,1.86,1.50
2011.10.18 14:04:19.748,1.73227,1.73289,1.86,1.50
2011.10.18 14:04:20.332,1.73227,1.73289,1.34,1.50
2011.10.18 14:04:22.899,1.73226,1.73287,1.34,1.28
2011.10.18 14:04:23.311,1.73219,1.73279,1.56,1.50
2011.10.18 14:04:23.759,1.73228,1.7329,1.34,1.50
2011.10.18 14:04:23.879,1.73226,1.7329,1.50,1.50
2011.10.18 14:04:24.329,1.7323,1.7329,1.28,1.50
2011.10.18 14:04:24.666,1.73236,1.73298,1.50,2.10
2011.10.18 14:04:25.551,1.73236,1.73298,1.50,2.10
2011.10.18 14:04:25.865,1.73247,1.73295,1.28,1.50
2011.10.18 14:04:26.227,1.73233,1.73293,1.19,1.50
2011.10.18 14:04:26.567,1.73246,1.73301,1.28,1.50
2011.10.18 14:04:26.686,1.73243,1.73301,1.28,1.50
2011.10.18 14:04:27.011,1.73234,1.73293,2.03,1.50
2011.10.18 14:04:27.413,1.73234,1.7328,1.28,1.50
2011.10.18 14:04:27.534,1.73234,1.73289,1.28,1.50
2011.10.18 14:04:27.657,1.73229,1.73289,1.28,1.50
2011.10.18 14:04:27.887,1.73237,1.733,1.50,1.50
2011.10.18 14:04:28.229,1.73246,1.73306,1.50,1.13
2011.10.18 14:04:29.458,1.73265,1.73306,1.28,1.50
2011.10.18 14:04:30.079,1.73269,1.73306,1.28,1.50
2011.10.18 14:04:30.715,1.73269,1.73307,1.28,1.50
2011.10.18 14:04:31.086,1.73269,1.73306,1.28,1.50
2011.10.18 14:04:31.833,1.73269,1.73314,1.28,1.50
2011.10.18 14:04:31.955,1.73272,1.73314,1.35,1.50
2011.10.18 14:04:32.082,1.73265,1.73321,2.03,1.88
2011.10.18 14:04:32.201,1.73265,1.73314,1.28,1.50
2011.10.18 14:04:32.318,1.73267,1.73312,1.28,1.50
2011.10.18 14:04:32.438,1.73261,1.73311,1.86,1.13
2011.10.18 14:04:32.557,1.73248,1.73307,1.34,1.28
2011.10.18 14:04:32.896,1.73244,1.73297,1.86,1.28
2011.10.18 14:04:33.016,1.73244,1.73297,1.28,1.43
2011.10.18 14:04:33.136,1.73231,1.73291,2.03,1.50
2011.10.18 14:04:33.728,1.73235,1.73291,1.65,1.50
2011.10.18 14:04:34.494,1.73237,1.73291,1.13,1.50
2011.10.18 14:04:34.618,1.73235,1.73291,1.65,1.50
2011.10.18 14:04:35.730,1.7323,1.73282,2.03,1.50
2011.10.18 14:04:37.595,1.73239,1.73282,1.28,1.50
2011.10.18 14:04:38.045,1.73235,1.73282,1.65,1.50
2011.10.18 14:04:38.926,1.73236,1.7329,1.28,1.50
2011.10.18 14:04:39.048,1.73258,1.73302,1.28,1.50
2011.10.18 14:04:39.386,1.73258,1.73303,1.28,2.25
2011.10.18 14:04:40.131,1.73258,1.73304,1.28,1.50
2011.10.18 14:04:41.310,1.73258,1.7331,1.28,1.13
2011.10.18 14:04:41.646,1.73252,1.7331,1.19,1.13
2011.10.18 14:04:41.875,1.73252,1.73307,1.19,1.28
2011.10.18 14:04:42.220,1.73255,1.73301,1.34,1.50
2011.10.18 14:04:42.341,1.73255,1.73309,1.34,1.13
2011.10.18 14:04:42.460,1.73259,1.7331,1.28,1.13
2011.10.18 14:04:43.748,1.73254,1.7331,1.86,1.13
2011.10.18 14:04:44.306,1.73252,1.7331,1.19,1.13
2011.10.18 14:04:44.868,1.73252,1.7331,1.19,1.13
2011.10.18 14:04:44.988,1.73252,1.73308,1.19,1.50
2011.10.18 14:04:45.566,1.73252,1.73299,1.19,1.50
2011.10.18 14:04:46.299,1.73253,1.73299,1.86,1.50
2011.10.18 14:04:46.525,1.73251,1.73299,2.46,1.50
2011.10.18 14:04:46.868,1.73246,1.73308,1.34,1.50
2011.10.18 14:04:46.984,1.73245,1.73303,1.34,1.50
2011.10.18 14:04:47.219,1.73245,1.73307,1.34,1.50
2011.10.18 14:04:47.974,1.73249,1.73309,1.34,1.50
2011.10.18 14:04:49.334,1.73249,1.73309,1.34,1.50
2011.10.18 14:04:50.008,1.73249,1.73309,1.34,1.50
2011.10.18 14:04:50.682,1.73249,1.73311,1.34,1.50
2011.10.18 14:04:51.237,1.73249,1.73311,1.34,1.50
2011.10.18 14:04:51.922,1.73249,1.73311,1.34,1.50
2011.10.18 14:04:52.711,1.73249,1.73311,1.34,1.50
2011.10.18 14:04:53.264,1.73249,1.73311,1.34,1.50
2011.10.18 14:04:53.385,1.73246,1.73302,1.34,1.50
2011.10.18 14:04:53.946,1.7324,1.73302,1.34,1.50
2011.10.18 14:04:54.284,1.7324,1.7329,1.34,1.50
2011.10.18 14:04:54.868,1.73248,1.73302,1.86,1.50
2011.10.18 14:04:55.429,1.73258,1.73302,1.28,1.50
2011.10.18 14:04:55.659,1.73256,1.73302,1.28,1.50
2011.10.18 14:04:56.217,1.73258,1.73302,1.28,1.50
2011.10.18 14:04:56.754,1.73274,1.73317,1.28,2.10
2011.10.18 14:04:56.885,1.73255,1.73308,1.34,1.50
2011.10.18 14:04:57.010,1.73248,1.73293,1.86,1.28
2011.10.18 14:04:57.576,1.7324,1.73286,1.34,1.50
2011.10.18 14:04:57.699,1.73237,1.73286,1.50,1.50
2011.10.18 14:04:58.037,1.73237,1.73271,1.50,1.50
2011.10.18 14:04:58.156,1.73237,1.7328,1.50,1.50
2011.10.18 14:04:58.774,1.73227,1.7328,2.03,1.50
2011.10.18 14:05:00.020,1.73237,1.7328,1.13,1.50
2011.10.18 14:05:00.139,1.73247,1.73299,1.28,1.50
2011.10.18 14:05:00.587,1.7325,1.73299,1.28,1.88
2011.10.18 14:05:01.356,1.73245,1.73299,1.28,1.88
2011.10.18 14:05:01.926,1.73244,1.73299,1.28,1.88
2011.10.18 14:05:03.046,1.73241,1.73299,1.28,1.88
2011.10.18 14:05:03.770,1.73241,1.73296,1.28,1.50
2011.10.18 14:05:03.888,1.73229,1.73288,1.35,1.50
2011.10.18 14:05:04.228,1.73225,1.73279,1.50,1.28
2011.10.18 14:05:04.566,1.73224,1.7327,2.03,1.50
2011.10.18 14:05:06.264,1.73232,1.7329,1.13,1.50
2011.10.18 14:05:06.572,1.73241,1.7329,1.28,1.50
2011.10.18 14:05:07.105,1.73242,1.7329,1.28,1.50
2011.10.18 14:05:07.450,1.73248,1.7329,1.28,1.50
2011.10.18 14:05:07.571,1.73237,1.7329,1.05,1.50
2011.10.18 14:05:08.128,1.73232,1.7329,2.03,1.50
2011.10.18 14:05:08.829,1.73228,1.73279,2.03,1.50
2011.10.18 14:05:09.720,1.73228,1.73277,1.34,1.28
2011.10.18 14:05:11.059,1.73239,1.73286,1.28,1.50
2011.10.18 14:05:11.177,1.73241,1.73295,1.28,1.28
2011.10.18 14:05:11.297,1.73241,1.73297,1.28,1.50
2011.10.18 14:05:11.637,1.73237,1.73297,2.03,1.50
2011.10.18 14:05:11.757,1.73242,1.73297,1.28,1.50
2011.10.18 14:05:13.080,1.73252,1.73305,1.28,1.13
2011.10.18 14:05:13.307,1.73243,1.73305,2.03,1.13
2011.10.18 14:05:14.084,1.73246,1.73305,1.28,1.13
2011.10.18 14:05:14.427,1.73248,1.73305,1.28,1.13
2011.10.18 14:05:15.224,1.73242,1.73305,1.50,1.13
2011.10.18 14:05:18.358,1.73242,1.73305,1.50,1.50
2011.10.18 14:05:18.586,1.73242,1.73308,1.50,1.50
2011.10.18 14:05:19.425,1.73237,1.73286,1.28,1.50
2011.10.18 14:05:19.764,1.73231,1.73286,2.24,1.50
2011.10.18 14:05:20.724,1.73231,1.73286,2.24,1.50
2011.10.18 14:05:21.327,1.7323,1.73286,1.34,1.50
2011.10.18 14:05:23.225,1.73234,1.73293,2.24,1.50
2011.10.18 14:05:23.344,1.73234,1.73294,2.24,1.50
2011.10.18 14:05:24.250,1.73234,1.73284,2.24,1.28
2011.10.18 14:05:24.587,1.7323,1.73273,1.34,1.50
2011.10.18 14:05:25.542,1.73235,1.73273,1.71,1.50
2011.10.18 14:05:26.202,1.73229,1.73273,1.34,1.50
2011.10.18 14:05:26.975,1.7323,1.73281,1.34,1.50
2011.10.18 14:05:27.095,1.7323,1.73283,1.34,1.50
2011.10.18 14:05:27.954,1.73224,1.73283,1.86,1.50
2011.10.18 14:05:28.666,1.73224,1.73283,1.28,1.50
2011.10.18 14:05:28.895,1.73222,1.73283,1.28,1.50
2011.10.18 14:05:29.624,1.73217,1.73283,1.50,1.50
2011.10.18 14:05:32.145,1.73221,1.73283,1.28,1.50
2011.10.18 14:05:32.484,1.73217,1.73283,2.84,1.50
2011.10.18 14:05:32.716,1.73222,1.73283,1.28,1.50
2011.10.18 14:05:33.056,1.73217,1.73279,1.50,1.28
2011.10.18 14:05:33.453,1.73217,1.7327,1.34,1.50
2011.10.18 14:05:34.009,1.73226,1.73285,1.13,1.28
2011.10.18 14:05:34.129,1.73225,1.73287,1.13,1.50
2011.10.18 14:05:34.248,1.73231,1.73287,1.28,1.50
2011.10.18 14:05:35.677,1.73226,1.73287,1.28,1.50
2011.10.18 14:05:36.017,1.73223,1.73284,1.35,1.28
2011.10.18 14:05:36.246,1.73216,1.73276,1.19,1.50
2011.10.18 14:05:36.590,1.73216,1.73275,1.19,1.28
2011.10.18 14:05:37.640,1.73208,1.73267,1.86,1.65
2011.10.18 14:05:37.991,1.73206,1.7326,1.34,1.50
2011.10.18 14:05:38.799,1.73205,1.7326,1.35,1.50
2011.10.18 14:05:39.357,1.73205,1.7326,1.35,1.50
2011.10.18 14:05:39.504,1.73202,1.7326,1.88,1.50
2011.10.18 14:05:40.176,1.73206,1.7326,2.10,1.50
2011.10.18 14:05:40.297,1.73214,1.73272,1.35,1.88
2011.10.18 14:05:40.418,1.73215,1.73274,1.88,1.50
2011.10.18 14:05:40.760,1.73223,1.73284,2.03,2.25
2011.10.18 14:05:41.101,1.73225,1.73259,1.28,1.50
2011.10.18 14:05:41.217,1.73203,1.73259,1.28,1.50
2011.10.18 14:05:41.826,1.73203,1.73266,2.03,1.28
2011.10.18 14:05:41.955,1.73205,1.73268,1.50,1.50
2011.10.18 14:05:42.187,1.73205,1.73264,1.50,1.28
2011.10.18 14:05:42.526,1.73192,1.73247,2.03,1.50
2011.10.18 14:05:42.869,1.7321,1.7327,2.03,1.50
2011.10.18 14:05:42.988,1.7322,1.73273,1.28,1.50
2011.10.18 14:05:43.112,1.73213,1.73271,2.03,1.50
2011.10.18 14:05:43.806,1.73202,1.73259,1.88,1.50
2011.10.18 14:05:44.378,1.73196,1.73259,1.50,1.50
2011.10.18 14:05:44.824,1.73199,1.73259,1.28,1.50
2011.10.18 14:05:45.169,1.732,1.73248,1.28,1.50
2011.10.18 14:05:45.287,1.73192,1.73248,1.28,1.50
2011.10.18 14:05:45.406,1.732,1.73248,1.28,1.50
2011.10.18 14:05:45.869,1.732,1.73257,1.28,1.50
2011.10.18 14:05:46.805,1.73197,1.73257,1.28,1.50
2011.10.18 14:05:47.459,1.73208,1.73257,1.28,1.50
2011.10.18 14:05:47.582,1.73202,1.73257,1.28,1.50
2011.10.18 14:05:47.701,1.73207,1.73257,1.28,1.50
2011.10.18 14:05:48.324,1.73204,1.73268,1.50,1.50
2011.10.18 14:05:48.453,1.73192,1.73254,2.10,1.50
2011.10.18 14:05:50.247,1.73194,1.73254,1.28,1.50
2011.10.18 14:05:50.660,1.73202,1.73266,1.50,1.50
2011.10.18 14:05:51.565,1.73204,1.73266,1.19,1.50
2011.10.18 14:05:51.907,1.73221,1.73266,1.28,1.50
2011.10.18 14:05:52.029,1.73207,1.73266,1.35,1.50
2011.10.18 14:05:52.150,1.73204,1.73267,1.35,1.50
2011.10.18 14:05:53.036,1.73208,1.73272,1.35,1.50
2011.10.18 14:05:53.154,1.73211,1.73273,1.50,1.50
2011.10.18 14:05:53.717,1.73211,1.73273,1.50,1.50
2011.10.18 14:05:53.947,1.73203,1.73262,1.28,1.50
2011.10.18 14:05:54.068,1.73201,1.73262,1.28,1.50
2011.10.18 14:05:54.188,1.73205,1.73262,1.28,1.50
2011.10.18 14:05:54.825,1.73206,1.73262,2.03,1.50
2011.10.18 14:05:54.948,1.73207,1.73271,1.50,2.25
2011.10.18 14:05:55.737,1.73199,1.73263,1.50,1.50
2011.10.18 14:05:55.967,1.73206,1.73263,2.25,1.50
2011.10.18 14:05:56.199,1.7321,1.73263,1.88,1.50
2011.10.18 14:05:56.705,1.7322,1.73272,1.88,1.50
2011.10.18 14:05:56.925,1.73212,1.73272,1.65,1.50
2011.10.18 14:05:57.050,1.73209,1.73272,1.50,1.50
2011.10.18 14:05:57.496,1.73212,1.73264,1.65,1.50
2011.10.18 14:05:57.726,1.73209,1.73264,1.86,1.50
2011.10.18 14:05:57.844,1.73203,1.73264,2.55,1.50
2011.10.18 14:05:58.296,1.73207,1.73264,1.28,1.50
2011.10.18 14:05:58.754,1.73205,1.73264,1.28,1.50
2011.10.18 14:06:00.435,1.73206,1.73264,1.28,1.50
2011.10.18 14:06:00.553,1.73202,1.73264,2.61,1.50
2011.10.18 14:06:01.455,1.73199,1.73262,2.61,1.50
2011.10.18 14:06:01.579,1.73199,1.73255,1.86,1.50
2011.10.18 14:06:02.126,1.73198,1.73255,1.86,1.50
2011.10.18 14:06:02.688,1.73199,1.73255,1.28,1.50
2011.10.18 14:06:03.434,1.73199,1.73255,2.61,1.50
2011.10.18 14:06:04.079,1.73201,1.73255,2.03,1.50
2011.10.18 14:06:04.674,1.73199,1.73255,2.61,1.50
2011.10.18 14:06:05.555,1.73199,1.73255,1.86,1.50
2011.10.18 14:06:05.681,1.73202,1.73255,1.28,1.50
2011.10.18 14:06:06.094,1.73199,1.73255,1.28,1.50
2011.10.18 14:06:06.414,1.73203,1.73255,1.28,1.50
2011.10.18 14:06:06.745,1.73199,1.73255,1.86,1.50
2011.10.18 14:06:08.555,1.732,1.73255,1.28,1.50
2011.10.18 14:06:08.788,1.73205,1.73255,1.28,1.50
2011.10.18 14:06:08.912,1.73216,1.7327,1.88,1.50
2011.10.18 14:06:09.300,1.73219,1.73282,1.50,1.50
2011.10.18 14:06:09.436,1.73225,1.73282,1.28,1.50
2011.10.18 14:06:09.558,1.73219,1.73282,1.50,1.50
2011.10.18 14:06:10.012,1.73211,1.73271,1.28,1.50
2011.10.18 14:06:12.297,1.73213,1.73271,1.28,1.50
2011.10.18 14:06:12.768,1.73211,1.73271,1.28,1.50
2011.10.18 14:06:12.997,1.73213,1.73271,1.28,1.50
2011.10.18 14:06:13.699,1.73219,1.73271,1.28,1.50
2011.10.18 14:06:13.816,1.73216,1.7328,2.78,1.50
2011.10.18 14:06:14.267,1.73216,1.73279,2.78,1.50
2011.10.18 14:06:14.606,1.7322,1.73279,1.65,1.50
2011.10.18 14:06:15.033,1.7323,1.73281,1.28,1.50
2011.10.18 14:06:15.399,1.73232,1.73282,1.28,1.50
2011.10.18 14:06:15.522,1.73227,1.73281,1.50,1.50
2011.10.18 14:06:16.170,1.73227,1.73268,1.50,1.28
2011.10.18 14:06:16.303,1.73204,1.73262,1.35,1.50
2011.10.18 14:06:16.857,1.73211,1.73262,1.28,1.50
2011.10.18 14:06:17.309,1.7321,1.73262,1.88,1.50
2011.10.18 14:06:17.989,1.73217,1.73262,1.28,1.50
2011.10.18 14:06:18.106,1.73216,1.73271,1.28,1.50
2011.10.18 14:06:18.584,1.73212,1.73271,2.25,1.50
2011.10.18 14:06:19.136,1.73215,1.73271,1.28,1.50
2011.10.18 14:06:19.255,1.73218,1.73271,1.28,1.50
2011.10.18 14:06:19.375,1.73216,1.73271,1.28,1.50
2011.10.18 14:06:19.925,1.7321,1.73271,2.25,1.50
2011.10.18 14:06:21.575,1.73208,1.73271,1.88,1.65
2011.10.18 14:06:21.919,1.73205,1.7325,2.03,1.13
2011.10.18 14:06:22.034,1.73197,1.7325,1.73,1.13
2011.10.18 14:06:22.759,1.73202,1.7325,1.35,1.13
2011.10.18 14:06:23.215,1.73207,1.7325,1.35,1.13
2011.10.18 14:06:24.874,1.73199,1.7325,1.35,1.13
2011.10.18 14:06:25.302,1.73199,1.7325,1.35,1.13
2011.10.18 14:06:25.854,1.73207,1.7325,1.35,1.13
2011.10.18 14:06:27.077,1.73207,1.7325,1.35,1.13
2011.10.18 14:06:29.285,1.73187,1.73249,1.50,1.13
2011.10.18 14:06:31.187,1.73187,1.73249,1.50,1.13
2011.10.18 14:06:31.418,1.73187,1.73249,1.50,1.13
2011.10.18 14:06:31.645,1.73187,1.73249,1.50,1.13
2011.10.18 14:06:31.768,1.73187,1.73249,1.50,1.13
2011.10.18 14:06:32.300,1.73195,1.73257,1.50,1.50
2011.10.18 14:06:32.528,1.73195,1.73251,1.50,1.50
2011.10.18 14:06:32.880,1.73167,1.73229,2.09,2.78
2011.10.18 14:06:33.457,1.73168,1.73229,1.34,1.50
2011.10.18 14:06:34.317,1.73177,1.73229,2.03,1.50
2011.10.18 14:06:37.287,1.73173,1.73229,2.03,1.50
2011.10.18 14:06:37.517,1.73171,1.73229,2.03,1.50
2011.10.18 14:06:38.335,1.73168,1.73221,1.34,1.50
2011.10.18 14:06:39.547,1.73158,1.73217,1.13,1.28
2011.10.18 14:06:39.778,1.73166,1.73222,2.03,1.50
2011.10.18 14:06:41.889,1.73185,1.73233,1.35,1.50
2011.10.18 14:06:42.455,1.73177,1.73233,2.03,1.50
2011.10.18 14:06:43.570,1.73166,1.73222,2.09,1.50
2011.10.18 14:06:50.194,1.73183,1.73233,2.03,1.50
2011.10.18 14:06:50.706,1.73183,1.73233,2.03,1.50
2011.10.18 14:06:51.294,1.73183,1.73233,2.03,1.50
2011.10.18 14:06:52.236,1.73183,1.73243,1.50,1.50
2011.10.18 14:06:54.997,1.73176,1.73234,1.13,1.50
2011.10.18 14:06:55.762,1.73184,1.73232,1.50,1.13
2011.10.18 14:06:56.095,1.73166,1.73218,1.13,1.50
2011.10.18 14:06:56.864,1.73166,1.73218,1.13,1.50
2011.10.18 14:07:06.845,1.73167,1.73227,2.03,1.28
2011.10.18 14:07:06.966,1.73168,1.7323,2.03,1.50
2011.10.18 14:07:08.065,1.73181,1.73237,2.03,2.10
2011.10.18 14:07:08.640,1.73178,1.73237,2.03,2.10
2011.10.18 14:07:08.863,1.73178,1.73237,2.03,1.35
2011.10.18 14:07:09.844,1.73177,1.73237,1.88,2.10
2011.10.18 14:07:10.611,1.73177,1.73229,1.13,1.50
2011.10.18 14:07:11.167,1.73179,1.73239,1.13,1.35
2011.10.18 14:07:11.397,1.73179,1.73241,2.40,1.50
2011.10.18 14:07:11.959,1.73201,1.73248,2.03,1.13
2011.10.18 14:07:12.077,1.73193,1.73251,1.13,1.50
2011.10.18 14:07:12.198,1.73193,1.73241,1.13,1.50
2011.10.18 14:07:12.684,1.73193,1.73231,1.13,1.50
2011.10.18 14:07:15.366,1.73185,1.73248,1.50,1.50
2011.10.18 14:07:15.707,1.73185,1.73241,1.50,1.28
2011.10.18 14:07:16.270,1.73169,1.73232,1.50,1.50
2011.10.18 14:07:16.605,1.7318,1.73242,1.50,1.50
2011.10.18 14:07:17.166,1.7318,1.73239,1.50,1.28
2011.10.18 14:07:17.725,1.73191,1.73244,1.50,2.03
2011.10.18 14:07:17.849,1.73193,1.73244,1.50,1.28
2011.10.18 14:07:17.969,1.73193,1.73252,1.50,1.13
2011.10.18 14:07:18.087,1.73193,1.73249,1.50,1.13
2011.10.18 14:07:18.557,1.73183,1.73246,1.50,1.50
2011.10.18 14:07:20.537,1.73193,1.73253,1.50,1.13
2011.10.18 14:07:21.989,1.73193,1.73242,1.50,1.35
2011.10.18 14:07:22.354,1.7318,1.73218,1.34,1.50
2011.10.18 14:07:23.138,1.7318,1.73231,1.34,2.03
2011.10.18 14:07:23.635,1.7318,1.73229,1.34,1.50
2011.10.18 14:07:28.067,1.7318,1.73239,1.34,1.88
2011.10.18 14:07:28.297,1.73179,1.73235,1.34,1.28
2011.10.18 14:07:28.532,1.73179,1.73235,1.34,1.50
2011.10.18 14:07:29.002,1.73182,1.73242,1.50,1.13
2011.10.18 14:07:29.451,1.73174,1.73235,1.34,1.50
2011.10.18 14:07:29.787,1.73183,1.73243,1.50,1.50
2011.10.18 14:07:30.251,1.73201,1.73256,1.50,2.20
2011.10.18 14:07:30.656,1.73208,1.7327,1.50,1.13
2011.10.18 14:07:30.891,1.73202,1.73262,1.50,1.50
2011.10.18 14:07:31.336,1.73202,1.73256,1.50,1.88
2011.10.18 14:07:31.679,1.73202,1.73251,1.50,2.03
2011.10.18 14:07:32.029,1.73186,1.73241,1.13,1.28
2011.10.18 14:07:32.510,1.73186,1.73243,1.13,1.28
2011.10.18 14:07:32.623,1.73186,1.73246,1.13,1.50
2011.10.18 14:07:32.735,1.73186,1.73234,1.13,1.50
2011.10.18 14:07:34.028,1.73186,1.73247,1.13,1.50
2011.10.18 14:07:34.262,1.7319,1.73246,2.03,1.50
2011.10.18 14:07:34.782,1.73186,1.73238,1.13,1.50
2011.10.18 14:07:36.576,1.73186,1.73236,1.13,1.50
2011.10.18 14:07:37.141,1.73186,1.73238,1.13,1.50
2011.10.18 14:07:37.807,1.73186,1.73247,1.13,2.03
2011.10.18 14:07:37.925,1.73186,1.73249,1.13,1.50
2011.10.18 14:07:39.130,1.73186,1.73238,1.13,1.50
2011.10.18 14:07:42.300,1.73186,1.73223,1.34,1.50
2011.10.18 14:07:42.967,1.7317,1.73233,2.03,1.50
2011.10.18 14:07:43.088,1.7319,1.73235,2.03,1.13
2011.10.18 14:07:43.620,1.73192,1.73254,1.50,1.50
2011.10.18 14:07:46.332,1.73207,1.73265,1.35,1.50
2011.10.18 14:07:46.889,1.73203,1.73265,2.03,1.50
2011.10.18 14:07:47.010,1.73203,1.73262,2.03,1.50
2011.10.18 14:07:47.567,1.73203,1.73255,2.03,1.50
2011.10.18 14:07:47.800,1.73208,1.73267,1.28,1.50
2011.10.18 14:07:48.865,1.73203,1.73267,1.50,1.50
2011.10.18 14:07:49.097,1.73203,1.73264,1.50,1.28
2011.10.18 14:07:49.438,1.73199,1.73246,1.34,1.50
2011.10.18 14:07:49.997,1.73198,1.73237,1.34,1.50
2011.10.18 14:07:50.595,1.73199,1.73248,1.34,1.50
2011.10.18 14:07:55.726,1.73199,1.73257,1.34,1.50
2011.10.18 14:07:56.965,1.73194,1.73257,1.34,1.50
2011.10.18 14:07:58.057,1.73194,1.73257,1.34,1.50
2011.10.18 14:07:58.824,1.73191,1.73257,2.09,1.50
2011.10.18 14:07:59.716,1.73191,1.73254,1.34,1.50
2011.10.18 14:07:59.836,1.73184,1.73247,1.34,1.50
2011.10.18 14:08:00.371,1.73184,1.73247,1.34,1.50
2011.10.18 14:08:00.923,1.73184,1.73247,1.34,1.50
2011.10.18 14:08:01.773,1.7319,1.73256,1.34,1.28
2011.10.18 14:08:01.889,1.73195,1.73261,1.50,1.50
2011.10.18 14:08:02.006,1.73191,1.73251,1.28,1.50
2011.10.18 14:08:02.787,1.73189,1.73251,1.34,1.50
2011.10.18 14:08:03.237,1.73192,1.73251,1.28,1.50
2011.10.18 14:08:03.465,1.73189,1.73251,2.61,1.50
2011.10.18 14:08:03.586,1.73192,1.73251,1.28,1.50
2011.10.18 14:08:04.150,1.73191,1.73251,1.86,1.50
2011.10.18 14:08:04.377,1.732,1.73264,2.78,2.25
2011.10.18 14:08:05.785,1.73197,1.73255,1.28,1.50
2011.10.18 14:08:06.876,1.73198,1.73255,1.28,1.50
2011.10.18 14:08:07.108,1.73203,1.73265,1.28,1.50
2011.10.18 14:08:07.854,1.73202,1.73265,1.28,1.50
2011.10.18 14:08:08.414,1.73203,1.73265,1.28,1.50
2011.10.18 14:08:08.757,1.73203,1.73263,1.28,1.50
2011.10.18 14:08:10.346,1.73202,1.73263,1.28,1.50
2011.10.18 14:08:10.834,1.73202,1.73263,1.28,1.50
2011.10.18 14:08:10.965,1.73195,1.73253,1.65,1.50
2011.10.18 14:08:11.306,1.73196,1.73253,1.28,1.50
2011.10.18 14:08:11.864,1.73197,1.73253,1.28,1.50
2011.10.18 14:08:12.347,1.73197,1.73253,2.03,1.50
2011.10.18 14:08:12.684,1.73202,1.73265,1.50,1.50
2011.10.18 14:08:12.809,1.73202,1.73265,1.50,1.50
2011.10.18 14:08:12.931,1.73205,1.73265,1.28,1.50
2011.10.18 14:08:13.279,1.73214,1.73274,2.03,1.50
2011.10.18 14:08:16.256,1.73215,1.73274,1.28,1.50
2011.10.18 14:08:16.598,1.73217,1.73274,1.28,1.50
2011.10.18 14:08:16.938,1.73212,1.73274,1.50,1.50
2011.10.18 14:08:17.060,1.7321,1.73264,1.35,1.50
2011.10.18 14:08:17.178,1.73203,1.73264,2.40,1.50
2011.10.18 14:08:17.409,1.73213,1.73264,1.28,1.50
2011.10.18 14:08:18.195,1.73215,1.73273,1.28,1.50
2011.10.18 14:08:18.645,1.73217,1.73273,1.28,1.50
2011.10.18 14:08:18.990,1.73221,1.73273,1.28,1.50
2011.10.18 14:08:19.219,1.73214,1.73277,1.88,1.50
2011.10.18 14:08:19.449,1.73219,1.73277,1.28,1.50
2011.10.18 14:08:19.677,1.73217,1.73277,1.28,1.50
2011.10.18 14:08:20.244,1.73217,1.73277,1.28,1.50
2011.10.18 14:08:20.370,1.73215,1.73277,2.03,1.50
2011.10.18 14:08:21.149,1.73206,1.73268,1.71,1.50
2011.10.18 14:08:21.606,1.73206,1.73268,1.71,1.50
2011.10.18 14:08:22.057,1.73206,1.73269,1.71,1.50
2011.10.18 14:08:22.598,1.73206,1.73269,1.71,1.50
2011.10.18 14:08:23.940,1.73206,1.73269,1.71,1.50
2011.10.18 14:08:24.059,1.73205,1.73267,1.71,1.28
2011.10.18 14:08:24.178,1.73207,1.73271,1.71,1.50
2011.10.18 14:08:24.625,1.73205,1.73269,1.71,1.28
2011.10.18 14:08:25.296,1.73203,1.73261,1.34,1.50
2011.10.18 14:08:25.857,1.73207,1.73269,1.71,1.28
2011.10.18 14:08:25.978,1.73208,1.73271,1.71,1.50
2011.10.18 14:08:26.213,1.73215,1.73271,1.28,1.50
2011.10.18 14:08:26.556,1.73208,1.73271,1.71,2.78
2011.10.18 14:08:26.679,1.73208,1.7327,1.71,1.35
2011.10.18 14:08:27.087,1.73203,1.73246,1.34,1.50
2011.10.18 14:08:27.430,1.73188,1.73246,2.03,1.50
2011.10.18 14:08:29.129,1.73192,1.73246,2.03,1.50
2011.10.18 14:08:29.696,1.73192,1.73246,2.03,1.50
2011.10.18 14:08:30.478,1.732,1.73246,1.28,1.50
2011.10.18 14:08:30.598,1.732,1.73248,1.28,1.35
2011.10.18 14:08:30.717,1.73197,1.73255,1.28,1.35
2011.10.18 14:08:30.949,1.73192,1.73253,1.50,1.05
2011.10.18 14:08:31.181,1.73187,1.73232,1.13,1.50
2011.10.18 14:08:32.138,1.73186,1.73241,1.13,1.50
2011.10.18 14:08:33.396,1.73187,1.7325,1.50,2.03
2011.10.18 14:08:33.520,1.73187,1.73252,1.50,1.50
2011.10.18 14:08:34.419,1.73188,1.73252,1.50,1.50
2011.10.18 14:08:34.757,1.73188,1.73252,1.50,1.50
2011.10.18 14:08:35.098,1.73186,1.73246,1.50,2.03
2011.10.18 14:08:35.328,1.73181,1.73231,1.34,2.03
2011.10.18 14:08:35.560,1.73181,1.73231,1.34,2.03
2011.10.18 14:08:35.957,1.73181,1.73228,1.34,1.28
2011.10.18 14:08:36.306,1.73181,1.73219,1.34,1.50
2011.10.18 14:08:36.756,1.73182,1.73228,1.34,1.28
2011.10.18 14:08:36.880,1.73181,1.73241,1.34,1.50
2011.10.18 14:08:37.467,1.73181,1.7324,1.34,1.13
2011.10.18 14:08:37.805,1.73182,1.73236,1.34,1.28
2011.10.18 14:08:38.354,1.73182,1.73233,1.34,1.50
2011.10.18 14:08:40.812,1.7317,1.73233,1.50,1.50
2011.10.18 14:08:41.036,1.73162,1.73223,1.13,1.50
2011.10.18 14:08:41.489,1.73162,1.73223,1.34,1.50
2011.10.18 14:08:44.178,1.73162,1.7322,1.34,1.50
2011.10.18 14:08:44.516,1.73163,1.73224,2.40,1.50
2011.10.18 14:08:45.230,1.73162,1.73213,3.21,1.50
2011.10.18 14:08:45.629,1.73163,1.73226,1.50,1.50
2011.10.18 14:08:45.757,1.73178,1.73238,1.20,1.50
2011.10.18 14:08:49.317,1.73189,1.73248,2.03,1.50
2011.10.18 14:08:49.982,1.73204,1.73248,1.35,1.50
2011.10.18 14:08:50.101,1.73198,1.7326,1.56,1.50
2011.10.18 14:08:50.325,1.73204,1.73267,1.35,1.28
2011.10.18 14:08:50.447,1.73201,1.73264,1.35,1.50
2011.10.18 14:08:50.567,1.732,1.73264,2.03,1.50
2011.10.18 14:08:50.797,1.73202,1.73271,1.28,1.50
2011.10.18 14:08:50.916,1.732,1.73264,1.50,1.50
2011.10.18 14:08:51.578,1.73189,1.73253,1.71,1.50
2011.10.18 14:08:52.149,1.73189,1.73253,1.71,1.50
2011.10.18 14:08:52.707,1.73189,1.73253,1.34,1.50
2011.10.18 14:08:53.379,1.73198,1.73262,2.09,1.50
2011.10.18 14:08:53.607,1.73186,1.73248,1.71,1.50
2011.10.18 14:08:54.626,1.73186,1.73248,1.71,1.50
2011.10.18 14:08:56.726,1.73186,1.73248,1.71,1.50
2011.10.18 14:08:56.957,1.73198,1.73264,2.09,1.50
2011.10.18 14:08:58.038,1.73191,1.73255,1.34,1.50
2011.10.18 14:08:58.378,1.73186,1.73245,1.34,1.50
2011.10.18 14:08:58.871,1.73181,1.73245,1.50,1.50
2011.10.18 14:09:00.440,1.73179,1.73245,1.50,1.50
2011.10.18 14:09:01.381,1.73166,1.73229,1.34,1.50
2011.10.18 14:09:01.716,1.73154,1.73218,1.34,1.50
2011.10.18 14:09:02.059,1.73157,1.73207,1.35,2.03
2011.10.18 14:09:02.183,1.7317,1.73207,1.50,1.28
2011.10.18 14:09:02.304,1.7317,1.7322,1.88,1.28
2011.10.18 14:09:02.427,1.73172,1.73232,1.50,1.50
2011.10.18 14:09:02.824,1.7318,1.73243,1.50,1.50
2011.10.18 14:09:03.277,1.73183,1.73246,1.13,1.50
2011.10.18 14:09:03.401,1.73193,1.73257,1.50,1.50
2011.10.18 14:09:05.596,1.73184,1.73252,1.28,1.28
2011.10.18 14:09:05.717,1.73181,1.73245,1.13,1.50
2011.10.18 14:09:06.169,1.73179,1.73244,1.88,1.50
2011.10.18 14:09:07.114,1.73184,1.73245,1.28,1.50
2011.10.18 14:09:07.229,1.73178,1.73243,1.50,2.03
2011.10.18 14:09:07.354,1.73169,1.73233,1.34,1.50
2011.10.18 14:09:07.697,1.73191,1.73249,1.28,1.50
2011.10.18 14:09:08.148,1.73196,1.73249,1.28,1.50
2011.10.18 14:09:08.488,1.73198,1.73259,1.50,1.50
2011.10.18 14:09:10.038,1.73196,1.73252,1.28,1.50
2011.10.18 14:09:10.160,1.73192,1.73252,1.88,1.50
2011.10.18 14:09:10.387,1.73191,1.73252,1.19,1.50
2011.10.18 14:09:10.726,1.73203,1.73267,1.50,1.50
2011.10.18 14:09:11.426,1.73195,1.73257,1.88,1.50
2011.10.18 14:09:11.573,1.7319,1.73247,1.34,1.50
2011.10.18 14:09:11.690,1.73189,1.73247,2.84,1.50
2011.10.18 14:09:12.359,1.73186,1.73247,1.34,1.50
2011.10.18 14:09:14.590,1.73185,1.73244,1.34,1.50
2011.10.18 14:09:15.536,1.73175,1.73239,1.71,1.50
2011.10.18 14:09:16.662,1.73192,1.73243,1.65,1.50
2011.10.18 14:09:16.885,1.73194,1.73245,1.65,1.50
2011.10.18 14:09:17.011,1.73196,1.73238,1.28,1.50
2011.10.18 14:09:17.238,1.73183,1.73238,1.34,1.50
2011.10.18 14:09:17.467,1.73174,1.73237,2.61,1.28
2011.10.18 14:09:17.806,1.73171,1.73219,1.19,1.50
2011.10.18 14:09:18.931,1.73156,1.73219,2.09,1.50
2011.10.18 14:09:21.486,1.73159,1.73205,2.24,1.50
2011.10.18 14:09:21.938,1.73162,1.73205,1.13,1.50
2011.10.18 14:09:22.689,1.73161,1.73205,1.71,1.50
2011.10.18 14:09:23.836,1.73162,1.73217,1.34,1.50
2011.10.18 14:09:23.960,1.73162,1.73217,1.34,1.50
2011.10.18 14:09:24.302,1.73158,1.73217,2.24,1.50
2011.10.18 14:09:24.529,1.73162,1.73226,2.09,1.50
2011.10.18 14:09:24.977,1.73164,1.73224,2.03,1.50
2011.10.18 14:09:25.719,1.73164,1.73226,1.50,1.50
2011.10.18 14:09:26.062,1.73164,1.73226,1.50,1.50
2011.10.18 14:09:26.287,1.73164,1.73226,1.50,1.50
2011.10.18 14:09:26.849,1.73164,1.73226,1.50,1.50
2011.10.18 14:09:27.184,1.73162,1.73226,2.09,1.50
2011.10.18 14:09:33.644,1.73162,1.73223,1.34,1.28
2011.10.18 14:09:34.072,1.73161,1.73223,1.71,1.50
2011.10.18 14:09:34.203,1.73161,1.73224,3.74,1.50
2011.10.18 14:09:34.546,1.73169,1.73233,1.50,2.25
2011.10.18 14:09:35.327,1.73162,1.73225,1.34,1.50
2011.10.18 14:09:36.395,1.73169,1.73225,1.28,1.50
2011.10.18 14:09:36.736,1.73186,1.73225,1.28,1.50
2011.10.18 14:09:36.986,1.73186,1.73236,1.28,1.50
2011.10.18 14:09:37.220,1.73191,1.73236,1.88,1.50
2011.10.18 14:09:37.559,1.73196,1.73244,1.28,1.88
2011.10.18 14:09:37.680,1.73194,1.73244,1.28,1.88
2011.10.18 14:09:37.800,1.73191,1.73244,1.28,1.88
2011.10.18 14:09:38.200,1.73191,1.73235,1.28,1.50
2011.10.18 14:09:38.324,1.73179,1.73235,1.28,1.50
2011.10.18 14:09:38.447,1.73179,1.73242,1.88,1.28
2011.10.18 14:09:38.572,1.73182,1.73244,1.35,1.88
2011.10.18 14:09:38.800,1.73195,1.73244,1.28,2.63
2011.10.18 14:09:39.135,1.73207,1.73253,1.28,2.25
2011.10.18 14:09:39.256,1.73207,1.73253,1.28,1.50
2011.10.18 14:09:39.488,1.73199,1.73253,1.56,1.50
2011.10.18 14:09:39.606,1.73199,1.73247,1.56,1.50
2011.10.18 14:09:40.112,1.73199,1.73247,1.11,1.50
2011.10.18 14:09:40.235,1.73194,1.73254,2.10,1.50
2011.10.18 14:09:40.359,1.73194,1.73254,1.95,1.50
2011.10.18 14:09:40.590,1.73194,1.73254,1.50,1.50
2011.10.18 14:09:40.709,1.73194,1.73254,1.50,1.50
2011.10.18 14:09:41.045,1.73191,1.73244,1.34,2.25
2011.10.18 14:09:42.674,1.73185,1.73244,1.34,2.25
2011.10.18 14:09:44.086,1.73185,1.73244,1.34,2.25
2011.10.18 14:09:44.676,1.73185,1.73244,1.34,2.25
2011.10.18 14:09:45.614,1.73185,1.73244,1.34,1.50
2011.10.18 14:09:46.523,1.73185,1.73241,1.34,1.28
2011.10.18 14:09:47.298,1.73184,1.73243,1.34,1.50
2011.10.18 14:09:48.169,1.73184,1.73243,1.34,1.50
2011.10.18 14:09:48.620,1.73184,1.73241,1.34,1.28
2011.10.18 14:09:49.177,1.73178,1.73235,2.03,1.50
2011.10.18 14:09:49.519,1.73176,1.73222,1.34,1.50
2011.10.18 14:09:50.914,1.73175,1.73222,1.34,1.50
2011.10.18 14:09:51.284,1.73179,1.73234,1.35,1.50
2011.10.18 14:09:51.846,1.73181,1.73234,2.03,1.50
2011.10.18 14:09:54.143,1.73187,1.73234,1.13,1.50
2011.10.18 14:09:54.805,1.73187,1.73221,1.13,1.50
2011.10.18 14:09:55.293,1.73176,1.73221,1.34,1.50
2011.10.18 14:09:55.854,1.73178,1.73221,1.28,1.50
2011.10.18 14:09:56.197,1.7318,1.7323,1.28,1.50
2011.10.18 14:09:56.321,1.73175,1.7323,1.34,1.50
2011.10.18 14:09:56.439,1.73176,1.73227,1.34,1.28
2011.10.18 14:09:57.260,1.73175,1.73211,1.34,1.50
2011.10.18 14:09:59.534,1.73169,1.73209,1.13,1.50
2011.10.18 14:09:59.921,1.73169,1.73202,1.13,1.50
2011.10.18 14:10:00.597,1.73169,1.73211,1.13,1.50
2011.10.18 14:10:02.498,1.73161,1.73211,1.13,1.50
2011.10.18 14:10:03.407,1.73168,1.73207,1.13,1.28
2011.10.18 14:10:03.757,1.73168,1.73198,1.13,1.50
2011.10.18 14:10:05.208,1.73167,1.7319,1.13,1.50
2011.10.18 14:10:06.337,1.73156,1.73197,2.03,1.50
2011.10.18 14:10:06.453,1.73156,1.73199,2.03,1.50
2011.10.18 14:10:06.575,1.73147,1.7319,1.86,1.50
2011.10.18 14:10:09.136,1.73149,1.73197,1.34,1.50
2011.10.18 14:10:09.256,1.73156,1.73199,2.03,1.50
2011.10.18 14:10:09.596,1.73143,1.7319,2.24,1.50
2011.10.18 14:10:10.348,1.73176,1.73218,2.03,1.50
2011.10.18 14:10:12.667,1.73172,1.73206,2.03,1.50
2011.10.18 14:10:13.558,1.73171,1.73213,1.35,1.28
2011.10.18 14:10:13.680,1.73163,1.7322,1.35,1.50
2011.10.18 14:10:14.428,1.73177,1.73234,1.34,1.50
2011.10.18 14:10:14.987,1.73181,1.73243,1.50,1.50
2011.10.18 14:10:15.331,1.73186,1.7325,1.50,1.28
2011.10.18 14:10:15.665,1.73177,1.73213,1.34,1.50
2011.10.18 14:10:16.740,1.73177,1.73222,1.34,1.50
2011.10.18 14:10:17.188,1.7318,1.73222,1.28,1.50
2011.10.18 14:10:17.415,1.73166,1.73222,1.71,1.50
2011.10.18 14:10:17.975,1.73166,1.73222,1.71,1.50
2011.10.18 14:10:18.098,1.73166,1.73221,1.71,1.50
2011.10.18 14:10:18.678,1.73166,1.73213,1.71,1.50
2011.10.18 14:10:19.014,1.73166,1.73213,1.13,1.50
2011.10.18 14:10:19.558,1.73166,1.73205,1.13,1.50
2011.10.18 14:10:19.898,1.73145,1.73194,1.34,1.50
2011.10.18 14:10:20.301,1.73144,1.732,1.34,1.50
2011.10.18 14:10:21.617,1.73144,1.732,1.34,1.50
2011.10.18 14:10:24.807,1.73149,1.73211,1.50,1.50
2011.10.18 14:10:25.495,1.73149,1.73211,1.50,1.50
2011.10.18 14:10:25.614,1.73149,1.73211,1.50,1.50
2011.10.18 14:10:26.177,1.73149,1.73211,1.50,1.50
2011.10.18 14:10:26.518,1.73145,1.73199,1.34,1.50
2011.10.18 14:10:26.876,1.73145,1.73199,1.34,1.50
2011.10.18 14:10:27.544,1.73145,1.73208,1.50,1.50
2011.10.18 14:10:27.667,1.73145,1.73208,1.50,1.50
2011.10.18 14:10:28.121,1.73145,1.73205,2.09,1.50
2011.10.18 14:10:28.453,1.73145,1.73198,1.34,1.50
2011.10.18 14:10:29.291,1.73145,1.73164,1.34,1.50
2011.10.18 14:10:32.295,1.73138,1.7318,2.03,1.50
2011.10.18 14:10:32.950,1.73141,1.73177,2.03,1.28
2011.10.18 14:10:33.465,1.73126,1.73178,2.03,1.50
2011.10.18 14:10:35.133,1.7313,1.73173,2.03,1.28
2011.10.18 14:10:35.365,1.7313,1.73175,2.03,1.28
2011.10.18 14:10:35.489,1.73116,1.73178,2.03,1.50
2011.10.18 14:10:35.612,1.73105,1.73165,1.13,1.50
2011.10.18 14:10:36.374,1.73115,1.73165,2.03,1.50
2011.10.18 14:10:37.370,1.73113,1.73171,2.93,1.50
2011.10.18 14:10:37.488,1.73117,1.73173,2.03,1.50
2011.10.18 14:10:39.437,1.73128,1.73183,1.05,1.50
2011.10.18 14:10:39.556,1.73128,1.73172,1.05,1.50
2011.10.18 14:10:41.119,1.73128,1.73181,2.03,1.50
2011.10.18 14:10:41.240,1.73137,1.73179,2.03,1.50
2011.10.18 14:10:41.577,1.73135,1.73173,1.35,1.50
2011.10.18 14:10:41.805,1.73132,1.73182,1.05,1.50
2011.10.18 14:10:42.476,1.7312,1.73173,1.88,1.50
2011.10.18 14:10:43.984,1.73129,1.73183,2.03,1.50
2011.10.18 14:10:47.629,1.73133,1.73196,1.50,1.50
2011.10.18 14:10:48.945,1.73137,1.73196,1.13,1.50
2011.10.18 14:10:52.954,1.73137,1.73187,1.71,1.50
2011.10.18 14:10:53.402,1.73137,1.73175,1.71,1.50
2011.10.18 14:10:53.967,1.73137,1.73182,1.71,1.28
2011.10.18 14:10:54.086,1.73137,1.73188,1.71,1.50
2011.10.18 14:10:54.644,1.73137,1.73185,1.71,1.28
2011.10.18 14:10:56.376,1.73137,1.73178,1.71,1.50
2011.10.18 14:10:56.935,1.73137,1.73178,1.71,1.50
2011.10.18 14:10:57.855,1.73137,1.73178,1.71,1.50
2011.10.18 14:10:58.635,1.73137,1.73178,1.71,1.50
2011.10.18 14:10:59.318,1.73137,1.73178,1.34,1.50
2011.10.18 14:11:00.123,1.73137,1.73178,1.34,1.50
2011.10.18 14:11:00.602,1.73121,1.73166,2.03,1.50
2011.10.18 14:11:00.936,1.73112,1.73149,1.50,1.28
2011.10.18 14:11:01.276,1.73082,1.73117,1.71,2.03
2011.10.18 14:11:01.616,1.73056,1.7311,1.58,1.28
2011.10.18 14:11:01.736,1.73051,1.73113,1.71,1.50
2011.10.18 14:11:01.857,1.73049,1.73104,1.11,1.50
2011.10.18 14:11:02.662,1.73059,1.73112,1.28,1.50
2011.10.18 14:11:03.655,1.7306,1.73112,1.28,1.50
2011.10.18 14:11:04.226,1.7306,1.7312,1.65,2.03
2011.10.18 14:11:04.345,1.73076,1.73121,1.28,1.50
2011.10.18 14:11:04.576,1.73058,1.73121,1.35,1.50
2011.10.18 14:11:04.829,1.73058,1.73121,1.05,1.50
2011.10.18 14:11:05.596,1.73059,1.73121,1.50,1.50
2011.10.18 14:11:05.917,1.731,1.73135,1.28,1.13
2011.10.18 14:11:06.156,1.73081,1.7313,1.28,1.50
2011.10.18 14:11:07.693,1.73064,1.7313,2.10,1.50
2011.10.18 14:11:08.695,1.73067,1.7313,1.13,1.50
2011.10.18 14:11:09.446,1.73074,1.73137,1.50,1.50
2011.10.18 14:11:10.029,1.73074,1.73137,1.50,1.50
2011.10.18 14:11:10.150,1.73062,1.73125,1.50,1.50
2011.10.18 14:11:12.485,1.7307,1.73135,1.50,2.03
2011.10.18 14:11:13.178,1.73073,1.73136,2.55,1.50
2011.10.18 14:11:13.734,1.7308,1.7314,1.50,2.03
2011.10.18 14:11:14.295,1.7308,1.73142,1.50,2.03
2011.10.18 14:11:14.612,1.73072,1.73136,1.50,2.25
2011.10.18 14:11:14.969,1.73068,1.73133,1.13,1.28
2011.10.18 14:11:15.208,1.73062,1.73124,2.03,1.50
2011.10.18 14:11:15.825,1.73071,1.73135,1.50,1.50
2011.10.18 14:11:16.711,1.73064,1.73127,1.13,1.50
2011.10.18 14:11:17.511,1.73068,1.73136,1.13,2.78
2011.10.18 14:11:17.629,1.73074,1.73137,2.03,2.25
2011.10.18 14:11:17.965,1.73077,1.73136,1.28,1.50
2011.10.18 14:11:19.058,1.73078,1.73137,2.03,1.50
2011.10.18 14:11:19.624,1.73082,1.73144,1.50,1.50
2011.10.18 14:11:20.407,1.73082,1.73144,2.78,1.50
2011.10.18 14:11:21.154,1.73083,1.73146,1.34,1.50
2011.10.18 14:11:22.155,1.73074,1.73137,2.99,1.50
2011.10.18 14:11:22.964,1.73097,1.73134,1.34,1.28
2011.10.18 14:11:23.086,1.73097,1.73136,1.34,1.28
2011.10.18 14:11:23.205,1.73097,1.73154,1.34,1.50
2011.10.18 14:11:23.765,1.73103,1.73154,1.65,1.50
2011.10.18 14:11:25.031,1.73105,1.73154,1.28,1.50
2011.10.18 14:11:25.487,1.73101,1.73154,2.03,1.50
2011.10.18 14:11:25.608,1.73119,1.73163,1.28,1.13
2011.10.18 14:11:25.726,1.73114,1.73163,1.65,2.40
2011.10.18 14:11:25.954,1.73118,1.73163,1.28,1.13
2011.10.18 14:11:26.075,1.73114,1.7316,1.28,1.65
2011.10.18 14:11:26.794,1.73114,1.73161,1.28,2.25
2011.10.18 14:11:27.353,1.7311,1.73163,1.28,3.00
2011.10.18 14:11:28.134,1.73113,1.73163,1.28,3.00
2011.10.18 14:11:28.583,1.73109,1.73163,1.28,1.73
2011.10.18 14:11:28.707,1.7311,1.73163,2.48,1.13
2011.10.18 14:11:29.128,1.73111,1.73157,1.28,1.28
2011.10.18 14:11:29.254,1.73105,1.73165,1.49,1.50
2011.10.18 14:11:29.376,1.73112,1.73166,1.13,1.50
2011.10.18 14:11:29.824,1.73109,1.73169,1.50,1.50
2011.10.18 14:11:29.944,1.73107,1.73169,1.50,1.50
2011.10.18 14:11:30.457,1.73107,1.73169,1.50,1.50
2011.10.18 14:11:31.758,1.73111,1.73174,1.34,1.50
2011.10.18 14:11:32.315,1.7311,1.73173,1.34,1.28
2011.10.18 14:11:35.237,1.73102,1.73166,1.34,1.50
2011.10.18 14:11:35.578,1.73086,1.73132,2.03,1.50
2011.10.18 14:11:35.916,1.73094,1.73141,1.65,1.28
2011.10.18 14:11:36.317,1.73106,1.7315,1.28,1.50
2011.10.18 14:11:36.658,1.73099,1.73141,1.28,1.50
2011.10.18 14:11:36.775,1.73093,1.73141,1.65,1.50
2011.10.18 14:11:37.373,1.73095,1.73141,1.28,1.50
2011.10.18 14:11:37.495,1.73099,1.73141,1.28,1.50
2011.10.18 14:11:37.836,1.73105,1.7315,1.28,2.03
2011.10.18 14:11:38.394,1.73107,1.73151,1.28,1.50
2011.10.18 14:11:38.814,1.73096,1.73138,1.28,2.03
2011.10.18 14:11:39.254,1.73103,1.7314,2.18,1.50
2011.10.18 14:11:39.374,1.73105,1.73161,1.88,1.50
2011.10.18 14:11:39.495,1.7311,1.73166,2.10,1.13
2011.10.18 14:11:39.614,1.73114,1.73173,1.56,1.50
2011.10.18 14:11:39.738,1.7312,1.73181,1.28,1.88
2011.10.18 14:11:39.856,1.73127,1.73181,1.28,1.35
2011.10.18 14:11:40.839,1.73126,1.73182,1.28,1.50
2011.10.18 14:11:41.894,1.73118,1.73182,1.50,1.50
2011.10.18 14:11:42.015,1.73109,1.73169,1.34,1.50
2011.10.18 14:11:45.643,1.73109,1.73167,1.34,1.28
2011.10.18 14:11:46.469,1.73108,1.73159,1.34,1.50
2011.10.18 14:11:47.497,1.73109,1.73159,1.34,1.50
2011.10.18 14:11:47.617,1.73087,1.73157,1.28,1.28
2011.10.18 14:11:47.959,1.73084,1.73148,1.50,1.50
2011.10.18 14:11:48.075,1.73093,1.73159,1.50,1.50
2011.10.18 14:11:50.983,1.73103,1.73166,1.50,1.50
2011.10.18 14:11:52.334,1.73103,1.73166,1.50,1.50
2011.10.18 14:11:52.452,1.73103,1.73167,1.50,1.50
2011.10.18 14:11:53.785,1.73121,1.73176,1.13,2.03
2011.10.18 14:11:53.912,1.7313,1.73187,1.28,1.50
2011.10.18 14:11:54.135,1.73128,1.73184,1.28,1.50
2011.10.18 14:11:54.263,1.73128,1.73176,1.28,1.50
2011.10.18 14:11:54.716,1.73131,1.73177,1.28,1.50
2011.10.18 14:11:55.409,1.73115,1.73169,1.34,1.50
2011.10.18 14:11:55.528,1.73126,1.73177,1.28,1.50
2011.10.18 14:11:55.977,1.73128,1.73177,1.28,1.50
2011.10.18 14:11:56.097,1.73129,1.73188,1.28,1.50
2011.10.18 14:11:56.653,1.73128,1.73183,1.28,1.28
2011.10.18 14:11:57.855,1.73127,1.73182,1.28,1.28
2011.10.18 14:11:58.197,1.73141,1.73189,1.28,1.50
2011.10.18 14:11:58.533,1.73144,1.73189,1.28,1.50
2011.10.18 14:11:58.668,1.73142,1.73189,1.28,1.50
2011.10.18 14:11:58.786,1.7314,1.73189,1.28,1.50
2011.10.18 14:11:58.907,1.73147,1.73196,1.28,1.28
2011.10.18 14:11:59.026,1.73133,1.73197,1.50,1.50
2011.10.18 14:11:59.472,1.73133,1.73194,1.13,1.28
2011.10.18 14:12:00.245,1.73126,1.73187,1.34,1.50
2011.10.18 14:12:01.715,1.73125,1.73187,2.09,1.50
2011.10.18 14:12:02.054,1.73133,1.73179,1.65,1.50
2011.10.18 14:12:03.025,1.73122,1.73178,2.03,2.03
2011.10.18 14:12:03.585,1.73121,1.73177,2.61,1.28
2011.10.18 14:12:04.114,1.73123,1.7317,2.03,1.50
2011.10.18 14:12:06.158,1.7312,1.7317,1.34,1.50
2011.10.18 14:12:06.606,1.73121,1.7316,1.34,1.50
2011.10.18 14:12:07.389,1.7312,1.7316,1.34,1.50
2011.10.18 14:12:07.974,1.7312,1.7316,1.34,1.50
2011.10.18 14:12:08.204,1.7312,1.73176,1.34,1.50
2011.10.18 14:12:08.769,1.7312,1.73176,2.61,1.50
2011.10.18 14:12:08.883,1.73129,1.73176,1.28,1.50
2011.10.18 14:12:09.367,1.73129,1.73188,1.28,1.50
2011.10.18 14:12:09.498,1.73127,1.73178,1.28,1.50
2011.10.18 14:12:09.934,1.73117,1.73178,1.34,1.50
2011.10.18 14:12:10.784,1.73116,1.73178,2.09,1.50
2011.10.18 14:12:11.343,1.73117,1.73178,1.34,1.50
2011.10.18 14:12:11.983,1.73117,1.73176,1.34,1.50
2011.10.18 14:12:12.496,1.73117,1.73169,1.34,1.50
2011.10.18 14:12:12.833,1.73116,1.73159,1.34,1.50
2011.10.18 14:12:13.715,1.73117,1.73159,1.34,1.50
2011.10.18 14:12:13.975,1.73117,1.73166,1.34,1.50
2011.10.18 14:12:14.095,1.73117,1.73168,1.34,1.50
2011.10.18 14:12:15.046,1.73108,1.73168,1.34,1.50
2011.10.18 14:12:15.601,1.73126,1.73177,1.28,1.50
2011.10.18 14:12:16.333,1.73123,1.73177,1.28,1.50
2011.10.18 14:12:16.677,1.73118,1.73177,1.65,1.50
2011.10.18 14:12:18.790,1.73117,1.73177,1.13,1.50
2011.10.18 14:12:18.908,1.73131,1.73177,1.28,1.50
2011.10.18 14:12:19.026,1.73126,1.73177,1.28,1.50
2011.10.18 14:12:19.366,1.73124,1.73177,1.28,1.50
2011.10.18 14:12:19.487,1.73126,1.73178,1.35,1.28
2011.10.18 14:12:19.824,1.73141,1.73186,1.28,2.03
2011.10.18 14:12:20.176,1.73138,1.73183,1.28,1.28
2011.10.18 14:12:20.294,1.73131,1.73183,1.28,1.28
2011.10.18 14:12:20.713,1.73143,1.73195,2.10,1.50
2011.10.18 14:12:20.946,1.73155,1.73217,1.35,1.50
2011.10.18 14:12:21.173,1.73163,1.7322,1.50,1.35
2011.10.18 14:12:21.625,1.73163,1.73227,1.50,1.50
2011.10.18 14:12:22.513,1.73172,1.73231,1.50,1.05
2011.10.18 14:12:23.133,1.73172,1.73231,1.50,1.05
2011.10.18 14:12:23.960,1.73165,1.7323,1.28,1.65
2011.10.18 14:12:24.074,1.73161,1.73227,1.50,1.50
2011.10.18 14:12:24.951,1.73163,1.7323,1.50,1.65
2011.10.18 14:12:25.285,1.73162,1.73229,1.50,1.65
2011.10.18 14:12:25.946,1.73164,1.73229,1.34,1.65
2011.10.18 14:12:26.072,1.73163,1.73226,1.34,1.50
2011.10.18 14:12:26.666,1.73163,1.73226,1.34,1.50
2011.10.18 14:12:27.239,1.73163,1.73226,1.34,1.50
2011.10.18 14:12:27.823,1.73163,1.73226,1.34,1.50
2011.10.18 14:12:28.312,1.73153,1.73216,1.49,1.50
2011.10.18 14:12:28.973,1.73153,1.73216,1.49,1.50
2011.10.18 14:12:29.627,1.73153,1.73216,1.49,1.50
2011.10.18 14:12:30.016,1.73163,1.73227,1.34,1.50
2011.10.18 14:12:30.624,1.73163,1.73227,1.34,1.65
2011.10.18 14:12:31.076,1.73155,1.73218,1.34,1.50
2011.10.18 14:12:31.620,1.73155,1.73218,1.34,1.50
2011.10.18 14:12:32.206,1.73155,1.73218,1.34,1.50
2011.10.18 14:12:33.621,1.73155,1.73218,1.34,1.50
2011.10.18 14:12:34.259,1.73156,1.73218,1.34,1.50
2011.10.18 14:12:34.597,1.73168,1.73219,1.28,1.50
2011.10.18 14:12:34.717,1.73168,1.73225,2.03,1.28
2011.10.18 14:12:34.840,1.73177,1.73232,1.28,2.78
2011.10.18 14:12:35.176,1.73182,1.73232,1.28,1.88
2011.10.18 14:12:35.843,1.73181,1.73232,1.28,1.88
2011.10.18 14:12:35.970,1.73175,1.73232,1.28,1.88
2011.10.18 14:12:36.457,1.73181,1.73232,1.28,1.88
2011.10.18 14:12:37.814,1.73175,1.73232,1.28,1.88
2011.10.18 14:12:38.487,1.73174,1.73232,1.28,1.88
2011.10.18 14:12:38.893,1.73172,1.73227,1.65,1.28
2011.10.18 14:12:39.237,1.73169,1.73221,1.34,2.03
2011.10.18 14:12:41.613,1.73169,1.73222,1.65,1.50
2011.10.18 14:12:42.834,1.73174,1.73222,1.28,1.50
2011.10.18 14:12:46.616,1.73187,1.73236,1.28,1.35
2011.10.18 14:12:46.738,1.73178,1.73236,1.28,1.35
2011.10.18 14:12:46.858,1.73178,1.73232,1.28,1.35
2011.10.18 14:12:47.192,1.73167,1.73215,1.34,1.50
2011.10.18 14:12:47.534,1.73159,1.73211,1.86,1.50
2011.10.18 14:12:48.108,1.73167,1.73219,1.86,1.50
2011.10.18 14:12:48.228,1.73179,1.73226,1.28,1.50
2011.10.18 14:12:48.344,1.73169,1.73226,1.28,1.50
2011.10.18 14:12:48.810,1.73166,1.73226,1.34,1.50
2011.10.18 14:12:48.940,1.73157,1.73219,1.34,1.50
2011.10.18 14:12:49.278,1.73149,1.73209,1.34,1.50
2011.10.18 14:12:49.836,1.73149,1.73209,1.34,1.50
2011.10.18 14:12:50.926,1.73157,1.7322,1.34,1.50
2011.10.18 14:12:51.265,1.73149,1.73209,1.34,1.50
2011.10.18 14:12:51.823,1.73149,1.73209,1.34,1.50
2011.10.18 14:12:52.392,1.73146,1.73209,1.50,1.50
2011.10.18 14:12:53.042,1.73146,1.73209,1.50,1.50
2011.10.18 14:12:56.514,1.73154,1.73215,1.13,1.50
2011.10.18 14:12:56.636,1.73158,1.73222,1.50,2.25
2011.10.18 14:12:59.136,1.73169,1.73232,1.50,1.50
2011.10.18 14:12:59.695,1.73169,1.73232,1.50,1.50
2011.10.18 14:13:00.034,1.73161,1.73223,1.50,1.50
2011.10.18 14:13:00.374,1.73169,1.73232,1.50,1.50
2011.10.18 14:13:01.064,1.73169,1.73232,1.50,1.50
2011.10.18 14:13:01.624,1.73169,1.73232,1.50,1.50
2011.10.18 14:13:02.188,1.73169,1.73232,1.50,1.50
2011.10.18 14:13:02.853,1.73169,1.73232,1.50,1.50
2011.10.18 14:13:03.086,1.7316,1.73223,1.50,1.50
2011.10.18 14:13:03.624,1.7316,1.73223,1.50,1.50
2011.10.18 14:13:05.175,1.73152,1.732,1.65,1.50
2011.10.18 14:13:05.516,1.73147,1.73187,2.78,1.50
2011.10.18 14:13:05.969,1.73147,1.73198,1.50,1.50
2011.10.18 14:13:06.091,1.73153,1.73199,1.35,1.50
2011.10.18 14:13:06.608,1.73164,1.73211,2.03,1.35
2011.10.18 14:13:06.727,1.73164,1.7321,2.03,3.23
2011.10.18 14:13:06.847,1.7315,1.73191,1.13,1.28
2011.10.18 14:13:06.966,1.73147,1.7319,2.09,1.28
2011.10.18 14:13:07.084,1.73157,1.7319,1.28,1.28
2011.10.18 14:13:07.431,1.73147,1.73191,1.34,1.05
2011.10.18 14:13:07.988,1.73131,1.73186,1.50,1.28
2011.10.18 14:13:08.402,1.73148,1.732,1.28,2.25
2011.10.18 14:13:08.915,1.73138,1.732,1.50,2.10
2011.10.18 14:13:09.475,1.7313,1.73181,2.03,1.50
2011.10.18 14:13:10.255,1.73136,1.7319,2.03,1.50
2011.10.18 14:13:15.104,1.73132,1.7319,2.03,1.50
2011.10.18 14:13:15.488,1.73132,1.7319,2.03,1.50
2011.10.18 14:13:16.149,1.73132,1.7319,2.03,1.50
2011.10.18 14:13:16.453,1.73132,1.7319,2.03,1.50
2011.10.18 14:13:17.692,1.73137,1.7319,2.25,1.28
2011.10.18 14:13:17.822,1.73137,1.73201,2.25,1.50
2011.10.18 14:13:18.349,1.73139,1.73201,1.50,1.50
2011.10.18 14:13:19.489,1.73139,1.73197,1.50,1.28
2011.10.18 14:13:19.988,1.73137,1.73196,1.50,1.28
2011.10.18 14:13:20.133,1.7314,1.73195,2.03,1.28
2011.10.18 14:13:20.368,1.73158,1.73201,1.28,1.50
2011.10.18 14:13:20.597,1.73158,1.73209,1.28,1.65
2011.10.18 14:13:20.717,1.73167,1.73209,1.28,1.65
2011.10.18 14:13:21.618,1.73169,1.73211,1.28,1.13
2011.10.18 14:13:22.125,1.73168,1.73211,1.28,2.40
2011.10.18 14:13:22.704,1.73161,1.73208,1.28,1.65
2011.10.18 14:13:22.825,1.73158,1.73209,1.28,2.25
2011.10.18 14:13:22.943,1.73161,1.73211,1.28,1.73
2011.10.18 14:13:23.572,1.7316,1.73211,1.28,1.73
2011.10.18 14:13:24.124,1.73159,1.73208,1.28,1.65
2011.10.18 14:13:24.742,1.7316,1.7321,1.28,2.25
2011.10.18 14:13:25.244,1.7316,1.73181,1.28,1.35
2011.10.18 14:13:25.364,1.73127,1.73177,1.28,2.03
2011.10.18 14:13:25.484,1.73135,1.73177,1.50,1.28
2011.10.18 14:13:25.604,1.73144,1.73198,1.28,1.65
2011.10.18 14:13:26.164,1.73135,1.73198,1.50,1.65
2011.10.18 14:13:26.749,1.73135,1.73199,1.50,1.50
2011.10.18 14:13:28.177,1.7313,1.73189,2.03,1.28
2011.10.18 14:13:28.298,1.73128,1.7318,1.28,1.50
2011.10.18 14:13:28.634,1.73132,1.73196,1.50,1.50
2011.10.18 14:13:29.806,1.73129,1.73185,1.28,1.50
2011.10.18 14:13:30.213,1.73137,1.73185,1.28,1.50
2011.10.18 14:13:30.676,1.73137,1.73192,1.28,2.03
2011.10.18 14:13:30.794,1.73139,1.73192,1.28,1.28
2011.10.18 14:13:31.304,1.73139,1.73194,1.28,1.28
2011.10.18 14:13:32.328,1.73133,1.73192,1.50,1.28
2011.10.18 14:13:33.037,1.73122,1.73186,1.35,1.50
2011.10.18 14:13:33.166,1.73122,1.7319,1.50,2.03
2011.10.18 14:13:33.506,1.73129,1.73182,2.78,1.28
2011.10.18 14:13:33.624,1.73129,1.73194,2.78,1.35
2011.10.18 14:13:33.856,1.73131,1.73201,1.50,1.50
2011.10.18 14:13:33.974,1.73139,1.73201,1.50,1.50
2011.10.18 14:13:34.206,1.73132,1.73168,1.28,1.28
2011.10.18 14:13:34.325,1.73123,1.73168,1.28,1.28
2011.10.18 14:13:36.014,1.73124,1.73169,1.28,1.88
2011.10.18 14:13:36.788,1.73124,1.73169,1.28,2.18
2011.10.18 14:13:36.905,1.7312,1.73163,1.65,1.28
2011.10.18 14:13:37.246,1.73117,1.73163,1.13,1.88
2011.10.18 14:13:38.415,1.73117,1.73144,1.13,2.10
2011.10.18 14:13:38.760,1.7309,1.73124,1.35,1.28
2011.10.18 14:13:38.877,1.73103,1.73147,2.03,1.35
2011.10.18 14:13:38.995,1.73103,1.73147,2.03,2.10
2011.10.18 14:13:39.795,1.73083,1.7313,1.13,1.28
2011.10.18 14:13:40.248,1.73083,1.73137,2.40,1.50
2011.10.18 14:13:41.585,1.73083,1.73134,1.13,1.28
2011.10.18 14:13:41.707,1.73083,1.73132,1.13,1.28
2011.10.18 14:13:42.044,1.73083,1.7313,1.13,1.28
2011.10.18 14:13:43.000,1.73083,1.73137,1.13,2.78
2011.10.18 14:13:43.228,1.73085,1.73137,1.50,2.03
2011.10.18 14:13:43.569,1.73093,1.73141,2.03,1.28
2011.10.18 14:13:43.687,1.73097,1.73147,2.03,1.50
2011.10.18 14:13:44.354,1.73097,1.73152,2.03,1.28
2011.10.18 14:13:44.583,1.73101,1.73157,2.03,2.33
2011.10.18 14:13:44.705,1.73096,1.73149,1.50,1.28
2011.10.18 14:13:45.137,1.73095,1.73147,2.03,2.03
2011.10.18 14:13:45.659,1.73112,1.73156,2.03,1.28
2011.10.18 14:13:45.886,1.73112,1.73154,2.03,2.10
2011.10.18 14:13:46.819,1.73095,1.73144,2.03,1.35
2011.10.18 14:13:46.941,1.73093,1.7314,2.03,1.50
2011.10.18 14:13:47.535,1.73098,1.73143,2.03,1.88
2011.10.18 14:13:47.656,1.73103,1.73149,2.03,1.35
2011.10.18 14:13:47.993,1.731,1.73143,2.03,1.88
2011.10.18 14:13:48.549,1.731,1.73143,2.03,1.88
2011.10.18 14:13:48.824,1.731,1.73143,1.28,1.88
2011.10.18 14:13:49.203,1.731,1.73143,2.03,1.88
2011.10.18 14:13:50.106,1.73096,1.73151,2.18,2.78
2011.10.18 14:13:50.224,1.73096,1.73149,2.03,1.28
2011.10.18 14:13:50.566,1.73085,1.73139,2.03,3.08
2011.10.18 14:13:50.802,1.73095,1.73145,1.35,1.58
2011.10.18 14:13:50.920,1.73095,1.73147,1.35,1.50
2011.10.18 14:13:51.584,1.73105,1.73162,1.50,1.13
2011.10.18 14:13:52.245,1.73097,1.73158,1.50,1.50
2011.10.18 14:13:56.118,1.73105,1.73167,1.50,1.50
2011.10.18 14:13:57.063,1.73104,1.73153,1.50,1.28
2011.10.18 14:13:57.747,1.73092,1.73155,2.09,1.50
2011.10.18 14:13:57.866,1.73092,1.73155,2.09,1.50
2011.10.18 14:13:59.538,1.73102,1.73163,1.50,1.13
2011.10.18 14:14:01.204,1.73102,1.73163,1.50,1.13
2011.10.18 14:14:01.716,1.73102,1.73163,1.50,1.13
2011.10.18 14:14:02.446,1.73101,1.73162,1.50,1.50
2011.10.18 14:14:02.569,1.73087,1.73116,2.78,1.35
2011.10.18 14:14:02.689,1.73074,1.73098,1.50,1.28
2011.10.18 14:14:02.809,1.7306,1.73102,1.50,1.28
2011.10.18 14:14:02.930,1.7305,1.73102,1.34,2.03
2011.10.18 14:14:03.050,1.73051,1.73102,2.09,1.28
2011.10.18 14:14:03.168,1.73051,1.73106,3.36,1.28
2011.10.18 14:14:03.287,1.73057,1.73115,1.50,1.13
2011.10.18 14:14:03.827,1.7306,1.73116,1.50,1.65
2011.10.18 14:14:04.278,1.7305,1.73101,1.34,1.50
2011.10.18 14:14:05.846,1.73051,1.73101,1.34,1.50
2011.10.18 14:14:06.437,1.73051,1.73101,1.34,1.50
2011.10.18 14:14:06.774,1.73051,1.73102,1.34,1.50
2011.10.18 14:14:09.791,1.73035,1.73084,1.28,1.50
2011.10.18 14:14:09.910,1.73034,1.73084,1.28,1.50
2011.10.18 14:14:10.139,1.73035,1.73078,1.28,1.28
2011.10.18 14:14:10.478,1.72995,1.73057,1.05,1.50
2011.10.18 14:14:10.705,1.72997,1.73064,1.28,1.28
2011.10.18 14:14:10.825,1.73006,1.73068,1.50,1.13
2011.10.18 14:14:10.945,1.73008,1.73082,1.50,1.13
2011.10.18 14:14:11.067,1.73017,1.7307,1.28,1.05
2011.10.18 14:14:11.297,1.7302,1.73074,2.03,1.58
2011.10.18 14:14:11.918,1.73019,1.73076,1.50,1.13
2011.10.18 14:14:12.147,1.73017,1.73075,1.50,1.50
2011.10.18 14:14:12.269,1.7302,1.73076,1.50,1.88
2011.10.18 14:14:12.610,1.73016,1.73058,2.03,1.35
2011.10.18 14:14:13.051,1.72999,1.73051,1.50,1.28
2011.10.18 14:14:13.395,1.72997,1.73051,1.50,2.78
2011.10.18 14:14:13.832,1.72994,1.73051,2.03,2.03
2011.10.18 14:14:13.949,1.72994,1.73051,2.03,2.63
2011.10.18 14:14:14.589,1.72993,1.73051,2.61,2.03
2011.10.18 14:14:15.136,1.72993,1.73052,2.99,3.38
2011.10.18 14:14:15.476,1.73001,1.73052,2.03,1.50
2011.10.18 14:14:15.876,1.72993,1.73043,1.13,1.28
2011.10.18 14:14:16.000,1.72999,1.73051,1.50,1.65
2011.10.18 14:14:16.830,1.72995,1.73047,1.50,1.28
2011.10.18 14:14:17.056,1.72998,1.73047,1.43,1.28
2011.10.18 14:14:17.287,1.73011,1.7307,1.50,1.28
2011.10.18 14:14:17.970,1.73011,1.73072,1.50,1.35
2011.10.18 14:14:18.305,1.7301,1.73072,2.03,1.35
2011.10.18 14:14:19.708,1.73014,1.73073,1.28,1.50
2011.10.18 14:14:20.428,1.73018,1.7308,1.50,1.50
2011.10.18 14:14:20.764,1.73029,1.73089,1.28,1.13
2011.10.18 14:14:21.359,1.73037,1.73089,1.50,1.13
2011.10.18 14:14:22.136,1.73037,1.73089,1.50,1.13
2011.10.18 14:14:22.255,1.73037,1.731,1.50,1.50
2011.10.18 14:14:23.305,1.73045,1.73101,1.28,1.50
2011.10.18 14:14:23.987,1.73039,1.73102,1.50,1.50
2011.10.18 14:14:24.547,1.73039,1.731,1.50,2.03
2011.10.18 14:14:25.186,1.73039,1.73089,1.50,1.13
2011.10.18 14:14:25.523,1.73039,1.73089,1.50,1.13
2011.10.18 14:14:26.499,1.73058,1.73106,1.50,1.05
2011.10.18 14:14:27.320,1.73066,1.73112,1.28,1.50
2011.10.18 14:14:27.453,1.73057,1.7311,1.88,1.50
2011.10.18 14:14:27.580,1.73065,1.73114,1.28,1.50
2011.10.18 14:14:28.136,1.73058,1.73119,2.03,1.50
2011.10.18 14:14:28.257,1.73063,1.73117,1.28,1.28
2011.10.18 14:14:28.855,1.73068,1.73119,1.50,1.28
2011.10.18 14:14:29.303,1.73063,1.73117,2.03,1.50
2011.10.18 14:14:29.423,1.73063,1.73117,1.28,1.50
2011.10.18 14:14:30.050,1.73063,1.73116,1.28,1.50
2011.10.18 14:14:30.168,1.73073,1.73119,2.10,1.50
2011.10.18 14:14:30.289,1.73092,1.73135,1.28,1.13
2011.10.18 14:14:30.408,1.73095,1.73145,1.28,2.03
2011.10.18 14:14:30.762,1.73103,1.73155,2.03,1.05
2011.10.18 14:14:30.881,1.73103,1.73159,2.03,1.88
2011.10.18 14:14:31.111,1.73078,1.73155,1.28,1.50
2011.10.18 14:14:31.973,1.73082,1.73138,1.34,1.50
2011.10.18 14:14:32.756,1.73079,1.73137,1.34,1.50
2011.10.18 14:14:33.632,1.73095,1.73147,1.28,1.50
2011.10.18 14:14:33.747,1.73085,1.73147,1.13,1.50
2011.10.18 14:14:34.197,1.73066,1.73129,1.34,2.10
2011.10.18 14:14:34.317,1.73049,1.731,1.34,1.50
2011.10.18 14:14:34.439,1.73049,1.73101,1.34,2.78
2011.10.18 14:14:34.560,1.73048,1.73096,1.34,1.28
2011.10.18 14:14:34.901,1.73049,1.73094,1.34,1.28
2011.10.18 14:14:35.399,1.73049,1.73087,1.34,1.28
2011.10.18 14:14:35.517,1.73038,1.73087,1.34,1.28
2011.10.18 14:14:35.970,1.73038,1.73083,1.34,1.28
2011.10.18 14:14:36.197,1.73019,1.73082,2.10,1.50
2011.10.18 14:14:36.322,1.7303,1.73088,1.05,1.50
2011.10.18 14:14:36.437,1.73042,1.731,1.50,1.35
2011.10.18 14:14:37.001,1.73042,1.73085,1.50,1.50
2011.10.18 14:14:37.122,1.73054,1.73101,1.50,1.88
2011.10.18 14:14:37.348,1.73064,1.73103,1.35,2.03
2011.10.18 14:14:37.710,1.73086,1.7314,1.28,1.88
2011.10.18 14:14:38.160,1.73095,1.7314,2.03,1.88
2011.10.18 14:14:38.671,1.73066,1.73115,1.50,2.03
2011.10.18 14:14:38.785,1.73056,1.73115,1.71,2.03
2011.10.18 14:14:38.905,1.73043,1.73103,1.11,1.50
2011.10.18 14:14:39.499,1.73043,1.73103,1.11,1.50
2011.10.18 14:14:40.549,1.73041,1.73103,1.71,1.50
2011.10.18 14:14:41.074,1.73041,1.73103,1.71,1.50
2011.10.18 14:14:41.727,1.73052,1.73107,1.34,2.03
2011.10.18 14:14:41.846,1.73052,1.73107,1.34,1.28
2011.10.18 14:14:41.969,1.73052,1.73114,1.34,1.50
2011.10.18 14:14:42.551,1.73052,1.73114,1.34,1.50
2011.10.18 14:14:43.227,1.73052,1.73114,1.34,1.50
2011.10.18 14:14:43.805,1.73052,1.73114,1.34,2.03
2011.10.18 14:14:43.928,1.73065,1.73113,1.34,1.28
2011.10.18 14:14:44.267,1.73052,1.73107,1.50,2.03
2011.10.18 14:14:44.607,1.73065,1.73106,2.03,1.50
2011.10.18 14:14:45.076,1.73056,1.73096,2.03,1.35
2011.10.18 14:14:45.421,1.73065,1.73087,1.50,1.28
2011.10.18 14:14:45.536,1.73065,1.731,1.50,1.28
2011.10.18 14:14:45.656,1.73065,1.73123,1.50,1.35
2011.10.18 14:14:46.326,1.73074,1.73133,1.50,2.03
2011.10.18 14:14:46.446,1.73083,1.73135,1.28,2.03
2011.10.18 14:14:46.770,1.73087,1.73141,1.28,2.03
2011.10.18 14:14:46.906,1.73071,1.73132,2.03,1.50
2011.10.18 14:14:47.356,1.73077,1.73132,1.50,1.50
2011.10.18 14:14:47.693,1.73079,1.73143,1.50,1.50
2011.10.18 14:14:48.257,1.7307,1.73125,2.61,2.78
2011.10.18 14:14:49.265,1.73071,1.73115,2.03,1.50
2011.10.18 14:14:49.605,1.73071,1.73112,1.34,1.28
2011.10.18 14:14:49.840,1.73076,1.73115,2.03,1.50
2011.10.18 14:14:50.069,1.7308,1.73132,1.28,1.50
2011.10.18 14:14:50.189,1.73083,1.73132,1.88,1.50
2011.10.18 14:14:50.309,1.73084,1.73143,2.18,1.50
2011.10.18 14:14:50.907,1.73082,1.73143,1.28,1.50
2011.10.18 14:14:51.026,1.7308,1.73143,1.73,1.50
2011.10.18 14:14:51.445,1.73077,1.73143,2.25,1.50
2011.10.18 14:14:52.840,1.73079,1.7314,2.03,1.50
2011.10.18 14:14:53.367,1.73077,1.7314,1.50,1.50
2011.10.18 14:14:54.895,1.73081,1.7314,1.28,1.50
2011.10.18 14:14:55.736,1.73079,1.7313,1.28,1.50
2011.10.18 14:14:56.313,1.73078,1.7313,1.28,1.50
2011.10.18 14:14:57.834,1.73068,1.7313,1.05,1.50
2011.10.18 14:14:58.180,1.73078,1.7313,1.28,1.50
2011.10.18 14:14:58.739,1.73079,1.7313,1.28,1.50
2011.10.18 14:14:58.853,1.73074,1.7313,1.28,1.50
2011.10.18 14:14:59.425,1.73073,1.7313,1.28,1.50
2011.10.18 14:14:59.874,1.7307,1.73129,1.28,2.03
2011.10.18 14:15:00.429,1.73069,1.73129,1.58,2.03
2011.10.18 14:15:00.767,1.73073,1.73129,1.28,2.03
2011.10.18 14:15:01.324,1.73072,1.7313,1.28,2.78
2011.10.18 14:15:01.664,1.73079,1.7313,1.28,1.50
2011.10.18 14:15:01.787,1.73072,1.7313,1.28,2.78
2011.10.18 14:15:02.176,1.73072,1.7313,1.28,2.03
2011.10.18 14:15:02.295,1.73072,1.7313,2.03,2.03
2011.10.18 14:15:02.523,1.73072,1.7313,1.28,2.03
2011.10.18 14:15:03.287,1.73073,1.7313,1.28,2.03
2011.10.18 14:15:06.216,1.73071,1.73124,1.28,1.28
2011.10.18 14:15:06.817,1.7307,1.73123,1.28,1.28
2011.10.18 14:15:06.939,1.73073,1.73132,1.28,1.50
2011.10.18 14:15:07.423,1.7307,1.73132,1.88,1.50
2011.10.18 14:15:08.029,1.73096,1.73139,1.28,1.28
2011.10.18 14:15:08.155,1.73081,1.73133,1.28,2.03
2011.10.18 14:15:08.278,1.73094,1.73151,1.35,1.13
2011.10.18 14:15:08.398,1.73102,1.73159,1.28,1.50
2011.10.18 14:15:08.737,1.73102,1.73159,2.25,1.50
2011.10.18 14:15:09.075,1.7312,1.73162,1.28,1.50
2011.10.18 14:15:09.783,1.73111,1.73162,2.18,1.50
2011.10.18 14:15:09.915,1.73122,1.73182,1.35,1.50
2011.10.18 14:15:10.040,1.73133,1.7319,1.50,1.13
2011.10.18 14:15:10.377,1.73137,1.7319,1.28,1.13
2011.10.18 14:15:10.715,1.73157,1.7319,1.28,1.13
2011.10.18 14:15:11.060,1.73153,1.73195,1.28,1.50
2011.10.18 14:15:11.824,1.73152,1.73193,1.28,1.35
2011.10.18 14:15:11.952,1.73139,1.73173,1.13,1.50
2011.10.18 14:15:12.069,1.7313,1.73173,1.28,1.50
2011.10.18 14:15:12.188,1.73119,1.73163,1.50,1.28
2011.10.18 14:15:12.414,1.73112,1.73163,1.34,2.03
2011.10.18 14:15:14.918,1.73111,1.73161,1.34,2.03
2011.10.18 14:15:15.256,1.73121,1.7316,1.28,1.50
2011.10.18 14:15:15.376,1.73112,1.7316,1.86,1.50
2011.10.18 14:15:15.936,1.7311,1.7316,1.19,1.50
2011.10.18 14:15:16.974,1.73108,1.73153,1.86,1.35
2011.10.18 14:15:17.315,1.73109,1.73155,1.86,1.50
2011.10.18 14:15:17.436,1.7311,1.73162,1.19,2.03
2011.10.18 14:15:17.665,1.73109,1.73162,1.88,2.03
2011.10.18 14:15:18.896,1.73108,1.73163,1.28,2.78
2011.10.18 14:15:19.426,1.731,1.73152,1.35,1.28
2011.10.18 14:15:19.560,1.7312,1.73172,1.43,1.50
2011.10.18 14:15:19.897,1.73108,1.73172,1.50,1.50
2011.10.18 14:15:20.018,1.73105,1.73164,1.43,1.50
2011.10.18 14:15:20.520,1.73101,1.73164,2.03,1.50
2011.10.18 14:15:20.848,1.73101,1.73164,1.50,1.50
2011.10.18 14:15:21.337,1.73101,1.73147,1.50,1.28
2011.10.18 14:15:21.639,1.73096,1.73122,1.71,1.28
2011.10.18 14:15:22.110,1.73107,1.73151,2.03,1.30
2011.10.18 14:15:22.229,1.73107,1.7316,2.03,1.28
2011.10.18 14:15:22.344,1.73111,1.73166,2.03,1.28
2011.10.18 14:15:22.581,1.7312,1.73157,1.28,1.28
2011.10.18 14:15:22.698,1.73102,1.73155,2.03,2.03
2011.10.18 14:15:23.113,1.73102,1.73148,1.28,1.50
2011.10.18 14:15:24.428,1.73095,1.73148,2.54,2.78
2011.10.18 14:15:24.654,1.7309,1.73148,1.34,1.50
2011.10.18 14:15:25.297,1.7309,1.73145,1.34,1.28
2011.10.18 14:15:25.424,1.73095,1.73157,1.34,1.50
2011.10.18 14:15:25.547,1.73111,1.73157,1.28,1.50
2011.10.18 14:15:25.778,1.73111,1.73177,1.50,2.25
2011.10.18 14:15:26.553,1.73111,1.73174,1.50,1.28
2011.10.18 14:15:27.396,1.73111,1.73175,1.50,2.78
2011.10.18 14:15:27.524,1.73111,1.73175,1.50,2.03
2011.10.18 14:15:28.347,1.73111,1.7317,1.50,1.28
2011.10.18 14:15:28.463,1.73111,1.73177,1.50,1.50
2011.10.18 14:15:30.031,1.73102,1.73134,1.34,1.50
2011.10.18 14:15:30.586,1.73111,1.73142,1.28,1.28
2011.10.18 14:15:30.707,1.73103,1.73142,1.05,1.28
2011.10.18 14:15:30.834,1.73103,1.73159,1.34,1.28
2011.10.18 14:15:30.962,1.73103,1.73165,1.34,1.50
2011.10.18 14:15:31.774,1.73102,1.73165,1.34,1.50
2011.10.18 14:15:32.343,1.73102,1.73162,1.34,1.65
2011.10.18 14:15:32.466,1.73097,1.73155,1.34,1.50
2011.10.18 14:15:33.087,1.73101,1.73155,1.86,1.50
2011.10.18 14:15:34.989,1.73097,1.73138,1.34,1.50
2011.10.18 14:15:35.220,1.73097,1.73149,1.34,2.63
2011.10.18 14:15:35.719,1.73097,1.73149,2.61,2.63
2011.10.18 14:15:36.676,1.73097,1.73149,2.61,2.63
2011.10.18 14:15:37.244,1.73103,1.7316,1.86,1.73
2011.10.18 14:15:37.476,1.731,1.73157,1.34,1.13
2011.10.18 14:15:37.818,1.73097,1.73146,1.34,1.50
2011.10.18 14:15:38.045,1.73097,1.73156,1.34,1.50
2011.10.18 14:15:38.479,1.73093,1.73153,1.34,1.13
2011.10.18 14:15:38.706,1.7309,1.73154,1.50,2.03
2011.10.18 14:15:39.046,1.73084,1.73146,1.50,1.50
2011.10.18 14:15:39.828,1.73088,1.73154,1.28,2.03
2011.10.18 14:15:39.947,1.73095,1.73154,1.50,1.28
2011.10.18 14:15:40.068,1.73091,1.73155,2.03,1.28
2011.10.18 14:15:40.887,1.73091,1.73149,1.28,1.50
2011.10.18 14:15:41.019,1.7308,1.73125,2.03,1.28
2011.10.18 14:15:41.354,1.7308,1.73125,2.03,1.88
2011.10.18 14:15:41.478,1.7308,1.73125,1.28,1.88
2011.10.18 14:15:41.596,1.73074,1.73122,1.34,1.88
2011.10.18 14:15:42.376,1.73072,1.73117,2.24,1.28
2011.10.18 14:15:42.500,1.73069,1.73114,2.24,1.88
2011.10.18 14:15:43.409,1.73069,1.73114,2.24,1.88
2011.10.18 14:15:43.540,1.73081,1.73125,1.28,1.35
2011.10.18 14:15:44.005,1.73081,1.73117,1.28,1.20
2011.10.18 14:15:44.124,1.73069,1.73117,1.34,1.20
2011.10.18 14:15:44.354,1.73054,1.73114,1.50,1.73
2011.10.18 14:15:44.474,1.73054,1.73114,1.50,1.13
2011.10.18 14:15:44.817,1.73054,1.73115,1.50,1.50
2011.10.18 14:15:46.567,1.73064,1.7312,1.50,1.13
2011.10.18 14:15:46.913,1.7307,1.73121,1.28,1.13
2011.10.18 14:15:47.261,1.73064,1.73121,1.50,1.13
2011.10.18 14:15:47.645,1.7305,1.7311,2.18,1.50
2011.10.18 14:15:48.205,1.73051,1.7311,2.03,1.50
2011.10.18 14:15:49.998,1.73054,1.73118,1.50,1.28
2011.10.18 14:15:50.115,1.73056,1.7312,1.50,1.50
2011.10.18 14:15:50.808,1.73056,1.7312,1.50,1.50
2011.10.18 14:15:50.924,1.73056,1.7312,1.50,1.50
2011.10.18 14:15:53.188,1.73056,1.7312,2.03,1.50
2011.10.18 14:15:53.735,1.73056,1.7312,2.78,1.50
2011.10.18 14:15:54.290,1.73056,1.7312,2.03,1.50
2011.10.18 14:15:54.724,1.73056,1.73118,2.78,1.13
2011.10.18 14:15:55.068,1.73056,1.73109,2.78,2.03
2011.10.18 14:15:55.628,1.73042,1.73087,1.13,1.28
2011.10.18 14:15:55.754,1.73042,1.73091,1.34,2.03
2011.10.18 14:15:55.877,1.73042,1.73091,1.34,1.28
2011.10.18 14:15:56.214,1.73042,1.73099,1.34,2.40
2011.10.18 14:15:56.448,1.73042,1.73096,1.34,1.28
2011.10.18 14:15:56.788,1.73041,1.73086,1.71,1.28
2011.10.18 14:15:57.021,1.73055,1.73091,1.28,1.50
2011.10.18 14:15:57.141,1.73055,1.73108,2.03,1.88
2011.10.18 14:15:57.259,1.73055,1.73108,1.28,1.28
2011.10.18 14:15:57.798,1.73055,1.73111,1.28,1.50
2011.10.18 14:15:58.475,1.73056,1.7312,1.50,1.50
2011.10.18 14:15:58.930,1.73059,1.7312,1.28,1.50
2011.10.18 14:15:59.269,1.73056,1.73119,1.50,1.50
2011.10.18 14:15:59.743,1.73054,1.73111,1.13,1.50
2011.10.18 14:15:59.875,1.73049,1.731,1.34,1.65
2011.10.18 14:16:00.215,1.73049,1.73101,1.34,1.28
2011.10.18 14:16:00.667,1.73048,1.73099,2.09,1.28
2011.10.18 14:16:01.246,1.73048,1.73099,2.09,1.28
2011.10.18 14:16:01.869,1.73048,1.73098,2.09,1.28
2011.10.18 14:16:02.206,1.73048,1.73097,1.34,2.10
2011.10.18 14:16:02.544,1.73048,1.73083,1.34,1.28
2011.10.18 14:16:03.547,1.73048,1.73083,1.34,1.88
2011.10.18 14:16:04.172,1.73037,1.73084,2.03,3.00
2011.10.18 14:16:04.648,1.73037,1.73078,2.03,2.63
2011.10.18 14:16:04.879,1.7303,1.73078,2.03,1.13
2011.10.18 14:16:04.995,1.73029,1.73081,1.50,1.82
2011.10.18 14:16:05.267,1.73052,1.73081,1.50,1.22
2011.10.18 14:16:05.386,1.73052,1.731,1.50,1.73
2011.10.18 14:16:06.042,1.73052,1.73101,1.50,1.13
2011.10.18 14:16:06.600,1.73052,1.73101,1.50,1.13
2011.10.18 14:16:07.136,1.73052,1.73101,1.50,1.13
2011.10.18 14:16:08.005,1.73052,1.73101,1.50,1.13
2011.10.18 14:16:08.346,1.73048,1.73101,2.03,1.13
2011.10.18 14:16:08.990,1.7305,1.73113,2.03,1.50
2011.10.18 14:16:09.106,1.7307,1.73123,1.28,1.13
2011.10.18 14:16:09.726,1.73071,1.73125,1.28,1.88
2011.10.18 14:16:10.175,1.73078,1.73124,1.28,1.50
2011.10.18 14:16:10.518,1.73072,1.73124,1.28,1.50
2011.10.18 14:16:10.636,1.7307,1.73124,1.28,1.50
2011.10.18 14:16:10.867,1.73068,1.73124,1.28,1.88
2011.10.18 14:16:11.288,1.73069,1.73124,1.28,2.40
2011.10.18 14:16:11.738,1.73067,1.73122,2.03,2.03
2011.10.18 14:16:11.859,1.73079,1.73122,1.28,2.03
2011.10.18 14:16:12.195,1.73088,1.73151,1.88,1.50
2011.10.18 14:16:13.431,1.73087,1.7315,1.50,1.50
2011.10.18 14:16:14.968,1.73075,1.73122,1.28,1.50
2011.10.18 14:16:15.080,1.73072,1.73121,1.71,2.03
2011.10.18 14:16:15.195,1.73072,1.73132,1.71,1.50
2011.10.18 14:16:15.581,1.73082,1.73134,1.50,1.50
2011.10.18 14:16:15.929,1.73104,1.73156,1.50,1.13
2011.10.18 14:16:16.996,1.73096,1.73156,1.50,1.88
2011.10.18 14:16:17.125,1.73093,1.73156,1.50,1.88
2011.10.18 14:16:17.359,1.73099,1.73153,1.28,1.28
2011.10.18 14:16:17.789,1.73096,1.73104,1.28,1.35
2011.10.18 14:16:17.906,1.73035,1.7308,1.26,1.50
2011.10.18 14:16:18.028,1.73072,1.73089,1.05,1.28
2011.10.18 14:16:18.146,1.73071,1.73124,1.50,2.25
2011.10.18 14:16:18.374,1.73083,1.73123,1.50,1.13
2011.10.18 14:16:18.715,1.73083,1.73119,1.50,1.13
2011.10.18 14:16:18.835,1.73072,1.73119,1.50,1.13
2011.10.18 14:16:18.957,1.73065,1.73123,1.50,1.13
2011.10.18 14:16:19.075,1.73063,1.73123,1.05,1.13
2011.10.18 14:16:19.198,1.73063,1.73124,1.05,1.13
2011.10.18 14:16:19.316,1.73066,1.73113,1.28,1.28
2011.10.18 14:16:19.810,1.7307,1.73116,1.28,1.28
2011.10.18 14:16:20.146,1.73079,1.73139,1.05,1.50
2011.10.18 14:16:20.267,1.73077,1.73137,1.05,1.88
2011.10.18 14:16:20.383,1.73075,1.73132,2.78,1.28
2011.10.18 14:16:20.884,1.73075,1.73131,1.50,1.28
2011.10.18 14:16:21.223,1.7307,1.73115,1.28,1.28
2011.10.18 14:16:21.836,1.73069,1.73114,1.28,1.28
2011.10.18 14:16:22.176,1.73062,1.73081,1.34,1.28
2011.10.18 14:16:22.626,1.73053,1.73106,1.50,2.18
2011.10.18 14:16:22.743,1.73053,1.73106,1.50,1.88
2011.10.18 14:16:23.415,1.73053,1.73106,1.50,1.28
2011.10.18 14:16:23.645,1.73053,1.731,1.50,1.28
2011.10.18 14:16:24.358,1.73069,1.73101,1.35,1.28
2011.10.18 14:16:24.477,1.73076,1.73126,1.35,1.58
2011.10.18 14:16:24.599,1.73077,1.73126,1.50,1.28
2011.10.18 14:16:24.716,1.73083,1.73141,1.50,1.13
2011.10.18 14:16:25.057,1.73097,1.73141,1.50,1.13
2011.10.18 14:16:25.837,1.73084,1.73141,1.50,1.13
2011.10.18 14:16:26.895,1.73094,1.73141,1.28,1.13
2011.10.18 14:16:27.347,1.73105,1.73141,1.28,1.13
2011.10.18 14:16:27.576,1.73105,1.73157,1.28,2.03
2011.10.18 14:16:27.695,1.73107,1.73157,1.28,2.03
2011.10.18 14:16:28.116,1.73121,1.73165,1.28,2.03
2011.10.18 14:16:28.479,1.73132,1.73172,1.50,1.88
2011.10.18 14:16:28.705,1.73132,1.73172,1.50,1.13
2011.10.18 14:16:28.936,1.73126,1.73174,1.28,1.50
2011.10.18 14:16:29.055,1.73122,1.73178,1.50,2.03
2011.10.18 14:16:29.664,1.73122,1.73178,1.50,2.03
2011.10.18 14:16:30.004,1.73122,1.73176,1.50,2.03
2011.10.18 14:16:30.125,1.73122,1.73176,1.50,1.28
2011.10.18 14:16:30.246,1.73124,1.73179,1.28,1.65
2011.10.18 14:16:31.479,1.73124,1.73179,1.28,1.65
2011.10.18 14:16:31.708,1.73138,1.73176,1.50,1.28
2011.10.18 14:16:31.826,1.7314,1.73194,2.03,1.13
2011.10.18 14:16:32.280,1.73148,1.73187,1.50,1.28
2011.10.18 14:16:32.505,1.73148,1.73193,1.50,1.13
2011.10.18 14:16:34.983,1.73148,1.73194,1.50,3.00
2011.10.18 14:16:37.208,1.73148,1.73189,1.50,1.28
2011.10.18 14:16:37.658,1.73148,1.7319,1.50,1.88
2011.10.18 14:16:37.887,1.7315,1.73186,1.35,1.28
2011.10.18 14:16:38.118,1.7315,1.73193,1.65,1.13
2011.10.18 14:16:38.869,1.73158,1.73194,2.10,1.13
2011.10.18 14:16:39.094,1.73158,1.73221,1.50,1.50
2011.10.18 14:16:39.959,1.73158,1.73221,1.50,1.50
2011.10.18 14:16:40.187,1.73158,1.73219,1.50,1.28
2011.10.18 14:16:40.309,1.73158,1.73222,1.50,1.50
2011.10.18 14:16:40.864,1.73158,1.73218,1.50,1.28
2011.10.18 14:16:43.329,1.73158,1.73218,1.50,2.03
2011.10.18 14:16:44.360,1.7315,1.73213,1.28,1.50
2011.10.18 14:16:44.849,1.73148,1.73204,1.50,1.28
2011.10.18 14:16:45.977,1.73148,1.73212,1.50,1.50
2011.10.18 14:16:46.097,1.73157,1.73218,1.50,1.28
2011.10.18 14:16:46.216,1.73148,1.73214,1.50,1.50
2011.10.18 14:16:48.435,1.73164,1.73224,1.50,1.30
2011.10.18 14:16:48.555,1.73164,1.73224,1.50,1.13
2011.10.18 14:16:49.626,1.73164,1.73222,1.50,1.65
2011.10.18 14:16:49.753,1.73157,1.73219,1.34,2.78
2011.10.18 14:16:50.328,1.73157,1.73218,1.34,2.03
2011.10.18 14:16:51.153,1.73157,1.73218,1.34,2.03
2011.10.18 14:16:52.240,1.73157,1.73218,1.34,2.03
2011.10.18 14:16:52.836,1.73157,1.73219,1.34,1.50
2011.10.18 14:16:53.696,1.73157,1.73219,1.34,1.50
2011.10.18 14:16:54.394,1.73157,1.73219,1.34,1.50
2011.10.18 14:16:56.144,1.73157,1.73219,1.34,1.50
2011.10.18 14:16:57.468,1.7316,1.73224,2.03,1.50
2011.10.18 14:16:57.588,1.73164,1.73226,1.50,1.50
2011.10.18 14:16:57.816,1.73171,1.73228,1.28,1.50
2011.10.18 14:16:58.330,1.73169,1.73231,1.50,1.50
2011.10.18 14:16:58.884,1.73169,1.73231,1.50,1.50
2011.10.18 14:16:59.006,1.73169,1.7323,1.50,2.03
2011.10.18 14:16:59.455,1.73169,1.73228,1.50,1.88
2011.10.18 14:16:59.575,1.73159,1.73225,1.50,1.50
2011.10.18 14:17:01.354,1.73159,1.73222,1.50,1.50
2011.10.18 14:17:01.485,1.73159,1.73217,1.50,1.28
2011.10.18 14:17:01.831,1.73163,1.73228,1.28,1.50
2011.10.18 14:17:01.946,1.7317,1.73234,1.50,1.50
2011.10.18 14:17:03.713,1.73163,1.73226,1.28,1.13
2011.10.18 14:17:03.827,1.73162,1.73224,1.50,1.13
2011.10.18 14:17:05.530,1.73162,1.73224,1.50,1.50
2011.10.18 14:17:06.041,1.73176,1.73236,1.50,1.50
2011.10.18 14:17:06.378,1.73184,1.73237,1.50,1.88
2011.10.18 14:17:06.497,1.73176,1.73223,1.50,1.13
2011.10.18 14:17:06.733,1.73161,1.73218,1.28,1.50
2011.10.18 14:17:06.966,1.73154,1.73218,1.50,2.78
2011.10.18 14:17:07.198,1.73156,1.73221,1.28,2.03
2011.10.18 14:17:07.587,1.73157,1.73222,1.28,2.40
2011.10.18 14:17:07.710,1.73155,1.7322,1.50,2.03
2011.10.18 14:17:08.928,1.73155,1.73213,1.50,1.28
2011.10.18 14:17:09.266,1.73162,1.73221,1.28,2.78
2011.10.18 14:17:10.347,1.73157,1.73219,2.03,2.03
2011.10.18 14:17:10.465,1.73157,1.73211,2.03,1.28
2011.10.18 14:17:10.586,1.73156,1.73219,2.03,1.50
2011.10.18 14:17:10.705,1.73156,1.73221,2.03,1.50
2011.10.18 14:17:11.046,1.73165,1.73226,1.50,1.13
2011.10.18 14:17:14.818,1.73156,1.7322,1.50,1.50
2011.10.18 14:17:15.050,1.73148,1.73216,2.03,1.28
2011.10.18 14:17:15.170,1.73153,1.73219,1.50,1.50
2011.10.18 14:17:15.617,1.73162,1.73226,1.50,1.73
2011.10.18 14:17:16.326,1.73162,1.73226,1.50,1.13
2011.10.18 14:17:19.127,1.73156,1.73219,1.50,1.50
2011.10.18 14:17:20.505,1.73156,1.73219,1.50,1.50
2011.10.18 14:17:21.065,1.73153,1.73219,1.50,1.50
2011.10.18 14:17:22.005,1.73153,1.73216,1.50,1.50
2011.10.18 14:17:22.341,1.73153,1.73206,1.50,1.28
2011.10.18 14:17:22.479,1.73151,1.73206,1.50,1.28
2011.10.18 14:17:22.817,1.73151,1.73208,1.50,1.28
2011.10.18 14:17:23.043,1.73151,1.73204,1.50,1.28
2011.10.18 14:17:23.495,1.73151,1.73202,1.50,1.28
2011.10.18 14:17:24.054,1.73151,1.73203,1.50,1.28
2011.10.18 14:17:24.395,1.73151,1.73208,1.50,1.28
2011.10.18 14:17:24.742,1.73144,1.73196,1.34,1.28
2011.10.18 14:17:25.087,1.73153,1.73205,1.50,1.35
2011.10.18 14:17:25.205,1.73155,1.73214,1.50,1.88
2011.10.18 14:17:25.328,1.73155,1.73211,1.50,1.28
2011.10.18 14:17:25.443,1.73155,1.73219,1.50,1.35
2011.10.18 14:17:25.564,1.73149,1.73215,2.46,1.50
2011.10.18 14:17:26.238,1.73149,1.73203,1.34,1.13
2011.10.18 14:17:26.727,1.73146,1.73195,1.71,1.28
2011.10.18 14:17:27.178,1.73146,1.73184,1.71,1.28
2011.10.18 14:17:27.409,1.73146,1.73192,1.71,2.03
2011.10.18 14:17:27.637,1.73146,1.73203,1.71,1.20
2011.10.18 14:17:27.759,1.73151,1.7321,1.50,1.58
2011.10.18 14:17:27.876,1.73151,1.73217,1.50,1.50
2011.10.18 14:17:30.643,1.73153,1.73224,1.50,2.03
2011.10.18 14:17:30.765,1.7316,1.73223,1.50,1.50
2011.10.18 14:17:33.905,1.7316,1.73223,1.50,2.25
2011.10.18 14:17:34.244,1.73151,1.73215,1.50,2.78
2011.10.18 14:17:35.894,1.73151,1.73213,1.50,1.28
2011.10.18 14:17:36.488,1.73151,1.73212,1.50,1.28
2011.10.18 14:17:36.604,1.73151,1.73215,1.50,2.78
2011.10.18 14:17:37.742,1.73151,1.73214,1.50,1.13
2011.10.18 14:17:38.076,1.73151,1.73208,1.50,1.28
2011.10.18 14:17:38.526,1.73151,1.73206,1.50,1.28
2011.10.18 14:17:40.236,1.73151,1.73207,1.50,1.28
2011.10.18 14:17:40.552,1.73144,1.73207,1.50,2.78
2011.10.18 14:17:42.508,1.73141,1.73206,1.50,2.03
2011.10.18 14:17:43.816,1.73135,1.73192,1.65,1.13
2011.10.18 14:17:44.154,1.73129,1.73182,1.34,1.28
2011.10.18 14:17:44.609,1.73128,1.73179,1.34,1.28
2011.10.18 14:17:44.948,1.73119,1.73177,1.34,1.28
2011.10.18 14:17:45.540,1.73129,1.73172,1.34,1.28
2011.10.18 14:17:45.655,1.73127,1.73173,1.34,1.28
2011.10.18 14:17:46.171,1.73128,1.73173,1.34,1.28
2011.10.18 14:17:46.919,1.73129,1.73174,1.34,1.28
2011.10.18 14:17:47.448,1.73128,1.73174,1.34,1.28
2011.10.18 14:17:47.912,1.73128,1.73171,1.34,1.28
2011.10.18 14:17:48.955,1.73128,1.7317,1.34,1.28
2011.10.18 14:17:51.157,1.73119,1.73173,1.50,1.28
2011.10.18 14:17:51.705,1.7312,1.73181,2.03,2.03
2011.10.18 14:17:53.236,1.7312,1.7318,2.03,1.28
2011.10.18 14:17:53.467,1.73119,1.73177,1.50,1.28
2011.10.18 14:17:53.822,1.73119,1.73173,1.50,1.28
2011.10.18 14:17:53.947,1.73137,1.73182,1.50,1.28
2011.10.18 14:17:54.075,1.73139,1.73182,1.35,1.28
2011.10.18 14:17:54.203,1.73147,1.73192,1.35,2.03
2011.10.18 14:17:54.319,1.7316,1.732,1.50,2.03
2011.10.18 14:17:54.658,1.73157,1.73206,2.03,1.13
2011.10.18 14:17:54.781,1.73159,1.73212,1.50,1.65
2011.10.18 14:17:55.008,1.73159,1.73204,1.50,1.28
2011.10.18 14:17:55.485,1.73138,1.73202,1.34,1.50
2011.10.18 14:17:55.605,1.73146,1.73208,1.50,1.28
2011.10.18 14:17:56.223,1.73146,1.73211,1.50,2.03
2011.10.18 14:17:56.777,1.73138,1.73202,2.09,1.50
