2013.01.15 12:00:00.329,1.58384,1.5841,1.65,2.25
2013.01.15 12:00:00.858,1.58381,1.58408,3.23,2.25
2013.01.15 12:00:01.779,1.58384,1.58409,2.48,2.48
2013.01.15 12:00:02.059,1.58382,1.58408,1.73,2.25
2013.01.15 12:00:02.238,1.58384,1.58411,1.73,3.75
2013.01.15 12:00:02.299,1.58382,1.58411,1.73,3.98
2013.01.15 12:00:04.008,1.58381,1.58408,1.73,3.98
2013.01.15 12:00:04.408,1.5838,1.58403,1.73,1.50
2013.01.15 12:00:04.468,1.58378,1.58403,1.73,1.50
2013.01.15 12:00:04.818,1.58378,1.58403,1.73,1.73
2013.01.15 12:00:04.998,1.5838,1.58403,1.50,1.73
2013.01.15 12:00:05.238,1.5838,1.58404,2.48,1.50
2013.01.15 12:00:05.821,1.5838,1.58403,1.50,1.73
2013.01.15 12:00:08.209,1.58383,1.58407,1.73,1.50
2013.01.15 12:00:08.718,1.58381,1.58408,1.73,2.25
2013.01.15 12:00:12.048,1.58386,1.58409,1.50,1.73
2013.01.15 12:00:16.999,1.58379,1.58409,1.73,3.98
2013.01.15 12:00:18.208,1.58379,1.58405,1.73,1.88
2013.01.15 12:00:18.551,1.58379,1.58405,1.50,2.10
2013.01.15 12:00:19.580,1.58379,1.58405,1.50,2.10
2013.01.15 12:00:19.877,1.58391,1.58413,1.50,1.35
2013.01.15 12:00:20.000,1.58386,1.58404,1.50,1.73
2013.01.15 12:00:20.498,1.58376,1.58403,2.48,1.73
2013.01.15 12:00:20.898,1.58383,1.58403,1.50,1.73
2013.01.15 12:00:21.078,1.58383,1.58402,1.73,1.50
2013.01.15 12:00:22.578,1.58383,1.58403,2.48,1.50
2013.01.15 12:00:27.829,1.58387,1.58404,1.73,1.50
2013.01.15 12:00:28.226,1.58387,1.58404,1.73,1.50
2013.01.15 12:00:31.938,1.58396,1.58404,2.25,1.50
2013.01.15 12:00:31.998,1.58396,1.58406,2.25,1.50
2013.01.15 12:00:32.059,1.58396,1.58413,3.23,1.50
2013.01.15 12:00:32.243,1.58396,1.58413,3.23,1.50
2013.01.15 12:00:32.813,1.58396,1.58414,2.48,1.50
2013.01.15 12:00:32.879,1.58396,1.58414,2.48,1.50
2013.01.15 12:00:33.520,1.58395,1.58414,1.73,1.50
2013.01.15 12:00:34.948,1.58393,1.58423,3.23,1.73
2013.01.15 12:00:35.012,1.58393,1.58419,3.23,1.50
2013.01.15 12:00:35.415,1.58393,1.58419,3.23,2.25
2013.01.15 12:00:35.659,1.58387,1.58415,1.73,2.48
2013.01.15 12:00:35.718,1.58387,1.58408,1.73,1.50
2013.01.15 12:00:35.839,1.58387,1.58412,1.73,1.50
2013.01.15 12:00:35.968,1.58387,1.58409,1.73,1.50
2013.01.15 12:00:36.353,1.58377,1.58408,3.23,1.73
2013.01.15 12:00:37.172,1.58381,1.58404,2.48,1.50
2013.01.15 12:00:37.280,1.58381,1.58402,2.48,1.50
2013.01.15 12:00:37.868,1.58381,1.58403,2.48,1.50
2013.01.15 12:00:38.229,1.58384,1.58401,2.48,1.50
2013.01.15 12:00:38.613,1.5839,1.58403,2.48,1.50
2013.01.15 12:00:39.828,1.5839,1.58403,2.48,1.50
2013.01.15 12:00:40.008,1.58386,1.584,2.48,1.50
2013.01.15 12:00:40.139,1.58386,1.58406,2.48,1.50
2013.01.15 12:00:43.547,1.58386,1.58408,2.48,1.50
2013.01.15 12:00:43.788,1.58386,1.5841,2.48,1.50
2013.01.15 12:00:44.338,1.58386,1.58412,2.48,1.50
2013.01.15 12:00:45.389,1.58386,1.58412,2.48,1.50
2013.01.15 12:00:45.508,1.58385,1.58412,1.73,1.73
2013.01.15 12:00:45.751,1.58378,1.58409,2.48,2.48
2013.01.15 12:00:46.068,1.58381,1.58408,1.73,1.50
2013.01.15 12:00:46.188,1.58378,1.58408,2.48,3.23
2013.01.15 12:00:47.150,1.58378,1.58408,2.48,3.23
2013.01.15 12:00:47.513,1.58377,1.58404,2.25,1.73
2013.01.15 12:00:47.878,1.58371,1.58401,3.23,1.58
2013.01.15 12:00:48.180,1.58367,1.58393,1.50,1.73
2013.01.15 12:00:48.783,1.58361,1.58389,1.50,2.48
2013.01.15 12:00:49.258,1.58358,1.58385,2.48,1.73
2013.01.15 12:00:50.989,1.58356,1.58385,1.73,1.73
2013.01.15 12:00:52.178,1.58358,1.58388,1.73,1.73
2013.01.15 12:00:52.681,1.58361,1.58391,1.73,2.48
2013.01.15 12:00:52.764,1.58363,1.58393,1.73,2.48
2013.01.15 12:00:54.317,1.58366,1.58393,1.73,2.25
2013.01.15 12:00:55.029,1.58365,1.58393,2.48,1.73
2013.01.15 12:00:55.489,1.58363,1.58388,1.73,1.50
2013.01.15 12:00:55.838,1.58356,1.58386,2.48,1.73
2013.01.15 12:00:55.955,1.58356,1.58386,2.48,1.73
2013.01.15 12:00:56.346,1.58356,1.58386,2.48,1.50
2013.01.15 12:01:00.159,1.58358,1.58386,1.73,1.50
2013.01.15 12:01:00.278,1.58367,1.58392,2.48,1.88
2013.01.15 12:01:00.458,1.58362,1.58388,1.29,1.50
2013.01.15 12:01:00.519,1.5836,1.58388,1.73,1.73
2013.01.15 12:01:00.639,1.58361,1.58391,2.48,2.48
2013.01.15 12:01:00.698,1.58361,1.58391,1.73,2.48
2013.01.15 12:01:01.078,1.58363,1.58392,1.73,1.50
2013.01.15 12:01:02.438,1.58373,1.58392,2.25,1.50
2013.01.15 12:01:02.971,1.58368,1.58393,2.48,1.50
2013.01.15 12:01:03.501,1.58368,1.58393,1.73,2.25
2013.01.15 12:01:03.739,1.58368,1.58393,1.50,2.48
2013.01.15 12:01:04.251,1.58367,1.58393,2.25,2.48
2013.01.15 12:01:04.439,1.58367,1.58393,2.48,2.25
2013.01.15 12:01:04.750,1.58373,1.58399,2.48,1.50
2013.01.15 12:01:04.988,1.58373,1.58399,2.48,1.50
2013.01.15 12:01:05.840,1.58373,1.58395,2.40,1.88
2013.01.15 12:01:05.920,1.58373,1.58399,2.40,1.50
2013.01.15 12:01:07.093,1.5837,1.58399,2.48,1.73
2013.01.15 12:01:07.659,1.58372,1.58399,2.48,1.73
2013.01.15 12:01:08.351,1.58372,1.58399,2.48,1.50
2013.01.15 12:01:09.599,1.58372,1.58399,2.48,1.73
2013.01.15 12:01:09.718,1.58369,1.58399,2.48,1.50
2013.01.15 12:01:10.486,1.58376,1.58399,3.23,1.50
2013.01.15 12:01:11.600,1.58376,1.58403,3.23,1.50
2013.01.15 12:01:11.689,1.58376,1.58404,3.23,1.73
2013.01.15 12:01:13.479,1.58376,1.58404,3.15,1.73
2013.01.15 12:01:13.598,1.58378,1.58404,1.65,1.50
2013.01.15 12:01:13.915,1.58382,1.58412,2.40,1.73
2013.01.15 12:01:14.221,1.58387,1.5841,1.65,1.50
2013.01.15 12:01:14.778,1.58388,1.5841,1.73,1.50
2013.01.15 12:01:18.069,1.58381,1.5841,1.50,3.00
2013.01.15 12:01:18.569,1.58382,1.5841,1.73,1.50
2013.01.15 12:01:18.750,1.58382,1.5841,1.73,1.50
2013.01.15 12:01:19.134,1.58384,1.5841,1.73,1.50
2013.01.15 12:01:19.320,1.58388,1.5841,1.73,1.50
2013.01.15 12:01:19.899,1.58383,1.5841,1.73,1.50
2013.01.15 12:01:23.649,1.58385,1.5841,1.50,1.50
2013.01.15 12:01:23.710,1.58385,1.5841,1.73,1.73
2013.01.15 12:01:23.888,1.58379,1.58409,3.23,2.48
2013.01.15 12:01:24.189,1.58379,1.58402,2.25,1.50
2013.01.15 12:01:24.668,1.58376,1.58402,2.48,1.73
2013.01.15 12:01:25.701,1.58376,1.58398,2.48,1.73
2013.01.15 12:01:25.769,1.58366,1.58394,1.29,1.50
2013.01.15 12:01:25.949,1.58365,1.58394,1.73,1.73
2013.01.15 12:01:30.878,1.58369,1.58394,2.25,1.73
2013.01.15 12:01:31.119,1.58366,1.58394,1.73,1.73
2013.01.15 12:01:33.918,1.58366,1.58392,1.73,1.73
2013.01.15 12:01:35.889,1.58362,1.58394,3.23,3.23
2013.01.15 12:01:36.393,1.58362,1.58388,2.48,1.95
2013.01.15 12:01:36.477,1.58357,1.58383,1.73,1.73
2013.01.15 12:01:37.098,1.58357,1.58381,1.73,1.50
2013.01.15 12:01:37.399,1.58367,1.58388,1.73,1.13
2013.01.15 12:01:37.578,1.58359,1.58387,1.73,2.85
2013.01.15 12:01:37.809,1.58359,1.58387,1.73,2.10
2013.01.15 12:01:38.867,1.58359,1.58387,1.73,2.48
2013.01.15 12:01:40.250,1.58359,1.58387,1.73,1.73
2013.01.15 12:01:40.489,1.5836,1.58389,2.48,1.35
2013.01.15 12:01:40.850,1.58361,1.58389,2.48,1.73
2013.01.15 12:01:41.869,1.58359,1.58382,1.73,1.50
2013.01.15 12:01:41.934,1.58359,1.58386,1.73,2.48
2013.01.15 12:01:42.478,1.58359,1.58386,1.50,2.48
2013.01.15 12:01:42.929,1.58351,1.58383,3.23,3.23
2013.01.15 12:01:42.989,1.58351,1.58383,3.23,3.23
2013.01.15 12:01:43.819,1.58351,1.58382,3.23,1.35
2013.01.15 12:01:45.019,1.58351,1.58383,3.23,3.60
2013.01.15 12:01:45.139,1.58351,1.58376,1.73,1.50
2013.01.15 12:01:45.439,1.58346,1.58376,3.23,3.60
2013.01.15 12:01:46.010,1.58348,1.58376,1.73,1.73
2013.01.15 12:01:46.133,1.58346,1.58376,1.73,2.10
2013.01.15 12:01:46.389,1.58346,1.58376,1.73,2.10
2013.01.15 12:01:49.770,1.58339,1.58368,1.73,2.25
2013.01.15 12:01:49.891,1.58335,1.58363,1.95,1.73
2013.01.15 12:01:50.011,1.58335,1.58358,2.70,2.25
2013.01.15 12:01:50.310,1.58335,1.58364,1.73,1.73
2013.01.15 12:01:50.371,1.58332,1.58354,1.73,1.50
2013.01.15 12:01:50.909,1.58332,1.58358,2.48,1.50
2013.01.15 12:01:51.148,1.58332,1.58354,2.48,1.50
2013.01.15 12:01:51.558,1.58332,1.58352,1.73,1.50
2013.01.15 12:01:53.825,1.58334,1.58353,1.73,1.50
2013.01.15 12:01:55.678,1.58332,1.58353,1.50,1.73
2013.01.15 12:01:55.738,1.58329,1.58352,1.50,1.73
2013.01.15 12:01:55.918,1.58332,1.58354,1.50,2.48
2013.01.15 12:01:56.130,1.58329,1.58354,1.50,1.73
2013.01.15 12:01:56.689,1.58329,1.58355,1.73,2.48
2013.01.15 12:01:56.809,1.58325,1.58353,3.23,1.73
2013.01.15 12:01:59.270,1.58328,1.58353,2.13,1.50
2013.01.15 12:01:59.512,1.58334,1.58353,1.73,1.50
2013.01.15 12:01:59.640,1.58331,1.58353,1.73,1.50
2013.01.15 12:01:59.889,1.58331,1.58353,1.73,1.50
2013.01.15 12:02:00.310,1.5833,1.58355,1.73,3.00
2013.01.15 12:02:03.400,1.58325,1.58353,1.73,2.48
2013.01.15 12:02:03.799,1.58324,1.58353,3.23,2.48
2013.01.15 12:02:04.059,1.58323,1.58346,1.50,1.73
2013.01.15 12:02:04.270,1.58318,1.58346,1.73,1.73
2013.01.15 12:02:04.523,1.5832,1.58348,1.50,1.73
2013.01.15 12:02:05.259,1.58322,1.58353,1.73,2.48
2013.01.15 12:02:05.609,1.58328,1.58354,3.00,2.48
2013.01.15 12:02:05.671,1.58328,1.58358,3.23,2.48
2013.01.15 12:02:06.028,1.58324,1.58354,2.48,2.25
2013.01.15 12:02:06.148,1.58324,1.58354,2.48,2.48
2013.01.15 12:02:06.820,1.58322,1.58352,2.48,2.48
2013.01.15 12:02:07.711,1.58324,1.58354,2.48,2.48
2013.01.15 12:02:07.842,1.58328,1.58356,1.73,1.73
2013.01.15 12:02:08.147,1.5833,1.58357,1.73,2.48
2013.01.15 12:02:08.329,1.58328,1.58357,3.23,2.48
2013.01.15 12:02:08.791,1.58328,1.58358,3.23,2.48
2013.01.15 12:02:08.860,1.58324,1.58354,2.48,2.48
2013.01.15 12:02:08.918,1.58325,1.58354,1.73,1.73
2013.01.15 12:02:08.980,1.58334,1.58357,1.50,1.73
2013.01.15 12:02:09.049,1.58331,1.58357,1.50,1.73
2013.01.15 12:02:09.109,1.58331,1.58357,1.73,1.50
2013.01.15 12:02:09.409,1.58334,1.5836,1.73,3.23
2013.01.15 12:02:09.468,1.58334,1.58358,1.73,1.50
2013.01.15 12:02:09.852,1.5833,1.58358,1.73,1.50
2013.01.15 12:02:09.918,1.58334,1.5836,1.73,1.50
2013.01.15 12:02:11.069,1.58334,1.58361,3.23,1.73
2013.01.15 12:02:11.189,1.58337,1.58361,2.48,1.50
2013.01.15 12:02:11.670,1.58335,1.58361,1.73,1.73
2013.01.15 12:02:11.849,1.58335,1.5836,1.73,1.50
2013.01.15 12:02:12.802,1.58331,1.58359,1.73,2.25
2013.01.15 12:02:13.080,1.58331,1.58358,1.73,1.50
2013.01.15 12:02:13.810,1.58334,1.58358,1.73,1.50
2013.01.15 12:02:14.969,1.58334,1.58358,1.73,1.50
2013.01.15 12:02:15.089,1.58329,1.58357,1.73,2.25
2013.01.15 12:02:15.149,1.58329,1.58353,1.73,1.50
2013.01.15 12:02:16.348,1.58329,1.58353,1.50,1.73
2013.01.15 12:02:16.588,1.58328,1.58355,1.73,1.50
2013.01.15 12:02:16.829,1.58325,1.58355,2.48,3.75
2013.01.15 12:02:17.079,1.58322,1.58351,1.50,2.48
2013.01.15 12:02:17.318,1.58322,1.5835,1.50,2.48
2013.01.15 12:02:17.880,1.58321,1.58349,1.73,1.73
2013.01.15 12:02:17.951,1.58321,1.5835,1.73,2.48
2013.01.15 12:02:18.228,1.58321,1.58353,1.73,3.23
2013.01.15 12:02:18.632,1.58321,1.58347,1.73,2.48
2013.01.15 12:02:18.758,1.58321,1.5835,1.73,1.73
2013.01.15 12:02:19.859,1.58321,1.58353,2.48,3.23
2013.01.15 12:02:20.359,1.58319,1.58349,2.48,1.73
2013.01.15 12:02:20.661,1.58317,1.58346,1.50,1.73
2013.01.15 12:02:21.019,1.58311,1.58337,2.48,1.50
2013.01.15 12:02:21.078,1.58311,1.58338,1.50,1.73
2013.01.15 12:02:21.479,1.58307,1.58338,3.98,1.73
2013.01.15 12:02:21.658,1.58309,1.58342,1.50,2.18
2013.01.15 12:02:21.971,1.58313,1.58341,1.50,1.73
2013.01.15 12:02:22.448,1.58307,1.5834,3.23,1.73
2013.01.15 12:02:23.399,1.58309,1.58334,2.48,2.48
2013.01.15 12:02:23.818,1.58305,1.58334,3.23,2.48
2013.01.15 12:02:24.791,1.58307,1.58332,1.73,2.48
2013.01.15 12:02:25.708,1.58309,1.5833,2.25,2.25
2013.01.15 12:02:25.769,1.58309,1.58333,2.25,1.73
2013.01.15 12:02:25.829,1.58312,1.58333,1.50,1.73
2013.01.15 12:02:26.368,1.58312,1.58336,1.50,2.48
2013.01.15 12:02:26.678,1.58312,1.58334,1.50,2.48
2013.01.15 12:02:28.918,1.58312,1.58334,1.50,2.48
2013.01.15 12:02:31.682,1.58319,1.58334,1.73,1.50
2013.01.15 12:02:31.902,1.5832,1.58345,1.73,1.73
2013.01.15 12:02:32.430,1.5832,1.58345,1.50,1.73
2013.01.15 12:02:33.848,1.5832,1.58345,1.50,3.23
2013.01.15 12:02:35.619,1.5832,1.58341,1.50,1.73
2013.01.15 12:02:35.678,1.5832,1.58345,1.50,2.48
2013.01.15 12:02:36.208,1.58313,1.5834,1.73,1.73
2013.01.15 12:02:36.269,1.58313,1.5834,1.50,1.73
2013.01.15 12:02:36.572,1.58313,1.5834,1.50,1.73
2013.01.15 12:02:37.961,1.58315,1.58338,1.50,1.73
2013.01.15 12:02:38.500,1.58315,1.58341,1.50,1.73
2013.01.15 12:02:39.931,1.58315,1.58334,1.50,2.48
2013.01.15 12:02:40.250,1.58315,1.58334,1.50,2.48
2013.01.15 12:02:40.419,1.58313,1.58334,1.50,2.48
2013.01.15 12:02:42.270,1.58308,1.58337,1.73,1.73
2013.01.15 12:02:42.389,1.58306,1.58336,2.48,1.73
2013.01.15 12:02:42.511,1.58306,1.58328,2.48,2.25
2013.01.15 12:02:42.868,1.58311,1.58332,1.50,1.50
2013.01.15 12:02:42.928,1.58316,1.58344,1.50,1.20
2013.01.15 12:02:43.515,1.58318,1.58346,1.50,1.98
2013.01.15 12:02:43.578,1.58318,1.58346,1.73,1.73
2013.01.15 12:02:44.000,1.58325,1.58349,1.73,1.92
2013.01.15 12:02:44.429,1.58329,1.58349,1.73,1.92
2013.01.15 12:02:44.882,1.58329,1.58349,1.73,1.92
2013.01.15 12:02:45.169,1.58325,1.58349,1.73,1.92
2013.01.15 12:02:45.358,1.58324,1.58349,2.48,1.92
2013.01.15 12:02:45.609,1.58324,1.58349,1.73,1.17
2013.01.15 12:02:46.181,1.58324,1.58354,1.73,2.48
2013.01.15 12:02:47.348,1.58324,1.58351,1.50,1.73
2013.01.15 12:02:49.578,1.58324,1.58352,1.73,1.73
2013.01.15 12:02:52.321,1.58325,1.58352,1.58,1.73
2013.01.15 12:02:52.628,1.58364,1.58377,1.50,1.73
2013.01.15 12:02:52.819,1.58357,1.58389,1.73,1.73
2013.01.15 12:02:52.878,1.58356,1.58386,1.73,1.73
2013.01.15 12:02:53.200,1.58357,1.58389,1.73,1.73
2013.01.15 12:02:54.049,1.58365,1.58396,1.73,1.50
2013.01.15 12:02:54.988,1.58366,1.58401,1.73,1.73
2013.01.15 12:02:55.812,1.58371,1.58403,1.73,1.73
2013.01.15 12:02:57.838,1.58371,1.58403,1.50,2.70
2013.01.15 12:02:57.899,1.58371,1.58403,1.73,2.48
2013.01.15 12:02:58.190,1.58371,1.58401,1.73,1.73
2013.01.15 12:02:58.402,1.58371,1.58403,1.73,3.23
2013.01.15 12:03:00.440,1.58371,1.58402,1.50,1.52
2013.01.15 12:03:00.557,1.58371,1.58403,1.73,3.23
2013.01.15 12:03:01.439,1.58363,1.58395,1.73,1.50
2013.01.15 12:03:01.770,1.58364,1.58395,1.29,1.50
2013.01.15 12:03:03.069,1.58362,1.58395,2.48,1.50
2013.01.15 12:03:04.248,1.58362,1.58393,1.73,1.50
2013.01.15 12:03:04.369,1.58364,1.58395,1.73,1.50
2013.01.15 12:03:05.219,1.58361,1.58393,2.09,1.50
2013.01.15 12:03:05.280,1.58359,1.58387,1.73,1.50
2013.01.15 12:03:05.400,1.58359,1.58384,1.73,1.50
2013.01.15 12:03:05.718,1.58355,1.58381,2.13,1.50
2013.01.15 12:03:05.931,1.58355,1.58381,1.73,1.50
2013.01.15 12:03:07.461,1.58356,1.58381,1.50,1.50
2013.01.15 12:03:07.908,1.58356,1.58381,1.73,1.50
2013.01.15 12:03:08.111,1.58356,1.58386,1.73,1.50
2013.01.15 12:03:08.639,1.58354,1.58386,1.73,1.73
2013.01.15 12:03:08.759,1.58352,1.58384,1.73,1.73
2013.01.15 12:03:08.878,1.58356,1.58388,2.48,1.73
2013.01.15 12:03:09.440,1.58364,1.58394,1.50,1.98
2013.01.15 12:03:09.559,1.58364,1.58395,1.73,1.73
2013.01.15 12:03:10.247,1.58364,1.58395,1.73,1.73
2013.01.15 12:03:10.628,1.58371,1.58403,1.25,3.00
2013.01.15 12:03:11.270,1.58372,1.58403,1.41,2.25
2013.01.15 12:03:11.448,1.58378,1.58409,1.73,2.48
2013.01.15 12:03:11.509,1.58378,1.58409,1.73,1.50
2013.01.15 12:03:11.704,1.58378,1.58409,1.73,1.73
2013.01.15 12:03:11.828,1.58378,1.58409,1.73,1.50
2013.01.15 12:03:12.639,1.58378,1.58409,1.73,2.25
2013.01.15 12:03:12.700,1.58378,1.58409,1.50,2.48
2013.01.15 12:03:12.819,1.5837,1.58402,1.73,1.73
2013.01.15 12:03:12.940,1.58373,1.58402,1.50,1.56
2013.01.15 12:03:13.119,1.5837,1.58392,1.50,1.73
2013.01.15 12:03:13.364,1.58366,1.58392,1.73,1.73
2013.01.15 12:03:13.609,1.5837,1.58395,1.50,1.73
2013.01.15 12:03:13.988,1.5837,1.58398,1.73,1.73
2013.01.15 12:03:17.849,1.58376,1.58401,1.50,1.73
2013.01.15 12:03:17.969,1.58376,1.58404,2.48,1.73
2013.01.15 12:03:18.209,1.58378,1.5841,2.48,3.00
2013.01.15 12:03:18.455,1.58383,1.58414,1.73,3.23
2013.01.15 12:03:18.774,1.58383,1.58407,1.73,1.50
2013.01.15 12:03:19.163,1.58383,1.5841,1.73,1.50
2013.01.15 12:03:19.964,1.58383,1.58414,1.73,2.48
2013.01.15 12:03:20.620,1.58385,1.58415,2.48,2.48
2013.01.15 12:03:20.959,1.58385,1.58415,1.73,1.73
2013.01.15 12:03:21.159,1.58385,1.58415,1.73,1.73
2013.01.15 12:03:22.389,1.58392,1.58417,2.25,1.73
2013.01.15 12:03:22.507,1.58392,1.58423,3.23,1.73
2013.01.15 12:03:22.669,1.58392,1.58421,3.23,1.50
2013.01.15 12:03:22.730,1.58392,1.58423,3.23,2.48
2013.01.15 12:03:23.091,1.58392,1.58423,3.23,1.73
2013.01.15 12:03:23.818,1.58395,1.58423,1.73,1.50
2013.01.15 12:03:25.998,1.58395,1.58423,2.48,1.73
2013.01.15 12:03:26.119,1.58395,1.58423,2.48,1.73
2013.01.15 12:03:26.239,1.58392,1.58423,3.23,1.73
2013.01.15 12:03:26.301,1.5839,1.58417,1.73,1.50
2013.01.15 12:03:26.372,1.5839,1.58417,1.73,1.73
2013.01.15 12:03:26.500,1.5839,1.58415,1.73,1.50
2013.01.15 12:03:26.897,1.5839,1.58417,1.73,1.73
2013.01.15 12:03:27.021,1.5839,1.58417,1.73,1.50
2013.01.15 12:03:28.340,1.58397,1.58417,1.50,1.50
2013.01.15 12:03:28.758,1.584,1.58417,1.50,1.73
2013.01.15 12:03:28.939,1.584,1.58423,1.73,1.50
2013.01.15 12:03:29.060,1.58396,1.58423,2.25,1.73
2013.01.15 12:03:29.188,1.58397,1.58423,1.50,1.73
2013.01.15 12:03:29.448,1.58404,1.58425,2.25,1.73
2013.01.15 12:03:29.720,1.58404,1.5843,2.48,1.50
2013.01.15 12:03:29.840,1.58408,1.58429,2.48,1.50
2013.01.15 12:03:30.148,1.58408,1.58427,2.48,1.50
2013.01.15 12:03:30.211,1.58408,1.58427,2.25,1.50
2013.01.15 12:03:30.281,1.58407,1.58427,1.50,1.50
2013.01.15 12:03:30.709,1.58408,1.5843,2.25,1.65
2013.01.15 12:03:31.088,1.58409,1.58434,1.73,1.50
2013.01.15 12:03:31.670,1.58411,1.58437,2.48,1.73
2013.01.15 12:03:31.788,1.58411,1.58437,2.48,1.73
2013.01.15 12:03:32.091,1.58411,1.58439,2.48,1.73
2013.01.15 12:03:32.918,1.5841,1.5844,1.73,3.23
2013.01.15 12:03:33.038,1.58412,1.5844,1.73,1.50
2013.01.15 12:03:33.345,1.58413,1.5844,2.48,1.50
2013.01.15 12:03:34.823,1.58413,1.5844,1.73,1.50
2013.01.15 12:03:35.069,1.58415,1.58443,1.73,1.50
2013.01.15 12:03:35.130,1.58415,1.58446,2.48,1.73
2013.01.15 12:03:35.190,1.58415,1.58442,1.73,2.25
2013.01.15 12:03:35.528,1.58414,1.58449,1.73,1.73
2013.01.15 12:03:37.668,1.58429,1.5845,2.25,1.73
2013.01.15 12:03:37.729,1.5843,1.58454,1.50,1.73
2013.01.15 12:03:37.790,1.5843,1.58455,1.50,1.35
2013.01.15 12:03:37.850,1.58434,1.58455,1.50,1.35
2013.01.15 12:03:38.209,1.58433,1.58457,1.50,1.73
2013.01.15 12:03:38.510,1.58431,1.58459,1.50,2.33
2013.01.15 12:03:38.569,1.58427,1.58459,2.48,2.33
2013.01.15 12:03:38.689,1.58427,1.58458,1.73,2.33
2013.01.15 12:03:38.929,1.58427,1.58455,2.16,1.13
2013.01.15 12:03:41.080,1.58428,1.58462,2.16,1.50
2013.01.15 12:03:41.199,1.58431,1.58461,1.73,1.50
2013.01.15 12:03:41.258,1.58427,1.58459,2.48,2.48
2013.01.15 12:03:41.447,1.58427,1.58459,3.23,1.73
2013.01.15 12:03:41.908,1.58426,1.58455,2.48,1.73
2013.01.15 12:03:43.189,1.58434,1.58462,2.25,1.73
2013.01.15 12:03:43.250,1.58434,1.58462,2.48,1.73
2013.01.15 12:03:43.488,1.58432,1.58462,2.48,1.50
2013.01.15 12:03:43.840,1.58436,1.58468,1.73,1.73
2013.01.15 12:03:45.345,1.58437,1.58468,2.13,2.25
2013.01.15 12:03:45.425,1.58444,1.58474,1.73,2.25
2013.01.15 12:03:46.278,1.58444,1.58476,1.73,1.73
2013.01.15 12:03:46.697,1.58463,1.58488,1.50,1.35
2013.01.15 12:03:46.777,1.58463,1.58482,1.50,1.74
2013.01.15 12:03:47.222,1.58451,1.58478,3.00,1.36
2013.01.15 12:03:47.351,1.58448,1.58468,1.50,1.73
2013.01.15 12:03:47.410,1.58448,1.58468,1.50,1.73
2013.01.15 12:03:47.759,1.58448,1.58466,1.50,1.52
2013.01.15 12:03:47.838,1.58448,1.58468,1.50,1.73
2013.01.15 12:03:48.495,1.58447,1.58474,1.50,2.48
2013.01.15 12:03:48.740,1.5845,1.5848,1.73,2.10
2013.01.15 12:03:48.920,1.5845,1.5848,2.48,2.10
2013.01.15 12:03:49.231,1.58459,1.5848,1.73,1.13
2013.01.15 12:03:49.539,1.58466,1.58481,1.50,2.63
2013.01.15 12:03:49.662,1.58459,1.58481,1.73,1.73
2013.01.15 12:03:49.730,1.58457,1.58481,1.73,1.73
2013.01.15 12:03:50.088,1.58455,1.58476,1.38,1.50
2013.01.15 12:03:50.149,1.58446,1.58474,2.79,1.50
2013.01.15 12:03:50.268,1.58446,1.58474,1.54,1.50
2013.01.15 12:03:50.449,1.58446,1.58474,1.32,1.73
2013.01.15 12:03:50.817,1.58446,1.58474,2.07,1.73
2013.01.15 12:03:51.248,1.58448,1.58474,1.80,1.73
2013.01.15 12:03:51.457,1.58446,1.58477,2.82,1.73
2013.01.15 12:03:51.580,1.58446,1.58476,2.10,1.73
2013.01.15 12:03:51.698,1.58446,1.58477,1.73,1.73
2013.01.15 12:03:51.818,1.58446,1.58477,1.73,1.73
2013.01.15 12:03:51.999,1.58446,1.58474,3.00,1.73
2013.01.15 12:03:52.422,1.58443,1.58474,1.50,1.73
2013.01.15 12:03:52.489,1.58438,1.58473,1.73,1.73
2013.01.15 12:03:53.009,1.5844,1.5847,2.48,1.73
2013.01.15 12:03:53.670,1.58444,1.58474,1.73,1.73
2013.01.15 12:03:53.849,1.58444,1.58476,1.73,1.73
2013.01.15 12:03:54.170,1.58444,1.58474,1.50,2.48
2013.01.15 12:03:54.350,1.58442,1.58472,1.73,1.73
2013.01.15 12:03:54.771,1.58437,1.58468,1.92,1.73
2013.01.15 12:03:55.288,1.58437,1.58465,1.17,1.73
2013.01.15 12:03:55.648,1.58433,1.58464,1.50,1.73
2013.01.15 12:03:55.949,1.5843,1.58461,1.73,1.73
2013.01.15 12:03:56.478,1.5843,1.58461,1.63,1.50
2013.01.15 12:03:56.792,1.58437,1.58464,1.73,1.73
2013.01.15 12:03:58.189,1.58434,1.58464,1.73,2.48
2013.01.15 12:03:58.308,1.58434,1.58465,1.50,5.43
2013.01.15 12:03:59.340,1.58427,1.5846,2.48,1.73
2013.01.15 12:03:59.399,1.5843,1.5846,1.73,1.73
2013.01.15 12:03:59.743,1.5843,1.58461,1.73,1.73
2013.01.15 12:03:59.870,1.58433,1.58461,1.36,1.50
2013.01.15 12:04:00.009,1.58435,1.58465,1.73,4.20
2013.01.15 12:04:00.069,1.58435,1.58465,1.73,3.45
2013.01.15 12:04:00.128,1.58435,1.58465,1.73,4.20
2013.01.15 12:04:00.430,1.58435,1.58463,1.73,1.73
2013.01.15 12:04:00.549,1.58435,1.58461,1.73,1.20
2013.01.15 12:04:01.308,1.58432,1.58465,1.73,1.73
2013.01.15 12:04:01.899,1.58435,1.58465,1.50,1.54
2013.01.15 12:04:02.325,1.58435,1.58465,1.50,1.50
2013.01.15 12:04:02.630,1.58435,1.58468,1.73,1.73
2013.01.15 12:04:02.690,1.58436,1.58467,1.73,1.73
2013.01.15 12:04:03.622,1.58436,1.58467,1.73,1.73
2013.01.15 12:04:04.049,1.58436,1.58467,3.23,1.73
2013.01.15 12:04:04.109,1.58441,1.58473,1.50,3.98
2013.01.15 12:04:04.233,1.58441,1.58473,1.73,1.73
2013.01.15 12:04:04.479,1.58442,1.58473,1.73,1.73
2013.01.15 12:04:04.789,1.58442,1.58473,1.73,1.73
2013.01.15 12:04:04.908,1.58441,1.58473,1.50,2.79
2013.01.15 12:04:05.469,1.58436,1.58469,1.73,1.73
2013.01.15 12:04:05.969,1.58436,1.58469,1.73,1.73
2013.01.15 12:04:06.089,1.58444,1.58476,1.73,1.73
2013.01.15 12:04:06.890,1.58444,1.58473,1.73,1.20
2013.01.15 12:04:07.427,1.58443,1.58476,2.48,1.73
2013.01.15 12:04:07.999,1.5845,1.5848,1.73,2.10
2013.01.15 12:04:08.421,1.58441,1.58474,1.73,1.73
2013.01.15 12:04:08.489,1.58441,1.58474,1.73,1.73
2013.01.15 12:04:08.670,1.58441,1.58474,1.50,2.20
2013.01.15 12:04:08.919,1.58441,1.58474,1.73,2.48
2013.01.15 12:04:09.339,1.58441,1.58474,1.50,2.16
2013.01.15 12:04:09.706,1.58441,1.58471,1.50,1.34
2013.01.15 12:04:13.508,1.58441,1.58473,1.50,1.73
2013.01.15 12:04:14.128,1.58436,1.58467,2.48,1.73
2013.01.15 12:04:15.128,1.58436,1.58467,1.50,3.23
2013.01.15 12:04:16.541,1.58436,1.58468,3.23,2.48
2013.01.15 12:04:18.728,1.58434,1.58465,1.73,2.48
2013.01.15 12:04:19.273,1.58434,1.58461,1.50,2.48
2013.01.15 12:04:21.078,1.58427,1.5846,3.98,3.23
2013.01.15 12:04:21.139,1.58427,1.58458,3.75,1.25
2013.01.15 12:04:21.929,1.58427,1.58458,3.00,1.25
2013.01.15 12:04:22.400,1.58425,1.58454,1.50,1.36
2013.01.15 12:04:22.699,1.5843,1.5846,1.50,2.02
2013.01.15 12:04:23.829,1.58432,1.58462,1.50,2.02
2013.01.15 12:04:23.889,1.58434,1.58464,2.25,2.48
2013.01.15 12:04:24.438,1.58432,1.58458,1.50,1.73
2013.01.15 12:04:24.516,1.58432,1.58458,1.50,1.73
2013.01.15 12:04:24.640,1.58432,1.58462,1.50,2.07
2013.01.15 12:04:24.972,1.58437,1.58465,2.25,2.34
2013.01.15 12:04:25.034,1.58437,1.58465,2.25,1.95
2013.01.15 12:04:25.160,1.58437,1.58465,2.25,2.38
2013.01.15 12:04:25.279,1.58437,1.58459,2.25,1.73
2013.01.15 12:04:25.341,1.58437,1.58459,2.25,1.73
2013.01.15 12:04:25.889,1.58434,1.58462,1.50,1.73
2013.01.15 12:04:26.384,1.58434,1.58459,1.50,1.73
2013.01.15 12:04:26.719,1.5843,1.5846,1.50,1.73
2013.01.15 12:04:27.119,1.58434,1.58462,1.50,2.29
2013.01.15 12:04:27.909,1.58434,1.58462,1.50,1.73
2013.01.15 12:04:28.280,1.58434,1.5846,1.50,1.73
2013.01.15 12:04:28.418,1.58428,1.5846,3.23,3.23
2013.01.15 12:04:28.688,1.58428,1.58455,1.50,1.73
2013.01.15 12:04:29.121,1.58428,1.5846,3.23,3.23
2013.01.15 12:04:30.693,1.58428,1.58455,1.50,1.73
2013.01.15 12:04:31.875,1.58428,1.58455,1.50,1.73
2013.01.15 12:04:32.379,1.58429,1.58459,2.25,2.48
2013.01.15 12:04:32.692,1.58429,1.58459,2.25,2.48
2013.01.15 12:04:34.499,1.58428,1.58448,1.50,2.25
2013.01.15 12:04:34.559,1.58419,1.58448,2.48,2.25
2013.01.15 12:04:34.619,1.58419,1.58448,2.25,2.48
2013.01.15 12:04:36.599,1.58418,1.58447,1.50,2.79
2013.01.15 12:04:36.779,1.58412,1.58443,3.23,2.48
2013.01.15 12:04:37.297,1.58412,1.58443,3.23,2.48
2013.01.15 12:04:40.019,1.58412,1.58443,2.25,1.73
2013.01.15 12:04:40.627,1.58412,1.58443,2.25,1.73
2013.01.15 12:04:41.859,1.58416,1.58443,1.50,1.73
2013.01.15 12:04:42.038,1.58412,1.58443,2.25,1.73
2013.01.15 12:04:42.099,1.58411,1.58441,1.50,2.13
2013.01.15 12:04:42.440,1.5842,1.58443,1.50,2.13
2013.01.15 12:04:42.499,1.5842,1.58443,1.50,1.73
2013.01.15 12:04:43.044,1.58429,1.5846,1.73,1.73
2013.01.15 12:04:43.228,1.5843,1.5845,1.73,1.50
2013.01.15 12:04:43.289,1.58429,1.5845,1.50,1.73
2013.01.15 12:04:43.409,1.58424,1.5845,2.48,1.95
2013.01.15 12:04:43.468,1.58424,1.58446,2.48,1.50
2013.01.15 12:04:43.955,1.5842,1.5844,1.50,1.74
2013.01.15 12:04:44.258,1.58417,1.58438,1.50,1.20
2013.01.15 12:04:44.499,1.58417,1.58441,1.50,1.20
2013.01.15 12:04:44.559,1.58419,1.58441,3.00,1.20
2013.01.15 12:04:45.212,1.58422,1.58442,1.50,1.20
2013.01.15 12:04:46.128,1.58419,1.58442,1.73,1.20
2013.01.15 12:04:46.309,1.58418,1.58442,1.73,1.20
2013.01.15 12:04:46.369,1.58417,1.58438,1.50,1.20
2013.01.15 12:04:47.009,1.58417,1.58447,1.73,3.23
2013.01.15 12:04:47.325,1.58413,1.58444,3.00,1.73
2013.01.15 12:04:47.995,1.5841,1.58441,1.50,1.47
2013.01.15 12:04:48.063,1.58409,1.58441,2.25,2.22
2013.01.15 12:04:48.990,1.58409,1.58439,2.25,1.47
2013.01.15 12:04:49.514,1.58407,1.58439,2.25,2.22
2013.01.15 12:04:49.818,1.58407,1.58435,2.25,1.73
2013.01.15 12:04:49.878,1.58407,1.58438,2.25,1.36
2013.01.15 12:04:50.499,1.58407,1.58434,1.50,1.73
2013.01.15 12:04:51.499,1.58406,1.58433,1.50,1.52
2013.01.15 12:04:51.679,1.584,1.5843,1.50,1.52
2013.01.15 12:04:52.246,1.584,1.5843,1.50,1.38
2013.01.15 12:04:52.863,1.584,1.58428,1.50,1.30
2013.01.15 12:04:53.369,1.58391,1.5842,1.50,1.30
2013.01.15 12:04:53.451,1.58389,1.58417,2.25,1.58
2013.01.15 12:04:53.700,1.58388,1.58417,2.63,2.20
2013.01.15 12:04:54.172,1.58388,1.58405,1.13,1.55
2013.01.15 12:04:54.504,1.58387,1.58403,2.25,1.27
2013.01.15 12:04:54.809,1.58378,1.58393,1.50,1.09
2013.01.15 12:04:55.164,1.58367,1.58384,1.65,1.23
2013.01.15 12:04:55.659,1.58368,1.58382,2.25,6.90
2013.01.15 12:04:56.003,1.58368,1.58374,1.50,4.50
2013.01.15 12:04:56.679,1.58357,1.58362,2.85,1.50
2013.01.15 12:04:57.013,1.58349,1.58362,1.65,1.03
2013.01.15 12:04:57.592,1.58349,1.58363,1.50,1.50
2013.01.15 12:04:57.721,1.58349,1.58361,1.50,1.50
2013.01.15 12:04:57.780,1.58349,1.58362,1.50,1.50
2013.01.15 12:04:57.892,1.58349,1.58362,1.50,1.50
2013.01.15 12:04:58.217,1.58349,1.58362,1.50,1.50
2013.01.15 12:04:58.373,1.58349,1.58366,1.50,1.50
2013.01.15 12:04:58.444,1.58349,1.58365,1.73,1.50
2013.01.15 12:04:58.519,1.58349,1.58373,1.73,1.50
2013.01.15 12:04:58.699,1.58349,1.58373,1.73,1.50
2013.01.15 12:04:58.830,1.58349,1.58375,1.73,1.73
2013.01.15 12:04:58.888,1.58349,1.58375,1.50,1.73
2013.01.15 12:04:59.010,1.58349,1.58376,1.50,1.73
2013.01.15 12:04:59.140,1.58349,1.58376,1.50,1.73
2013.01.15 12:04:59.322,1.58346,1.58375,1.73,2.25
2013.01.15 12:04:59.706,1.58351,1.58375,2.10,1.73
2013.01.15 12:05:00.029,1.58366,1.5838,1.50,1.13
2013.01.15 12:05:00.652,1.58366,1.5838,1.50,1.13
2013.01.15 12:05:00.723,1.58353,1.58381,1.11,1.73
2013.01.15 12:05:00.802,1.58366,1.58384,2.20,1.73
2013.01.15 12:05:00.989,1.58364,1.58379,1.73,1.73
2013.01.15 12:05:01.050,1.58356,1.58374,2.73,1.50
2013.01.15 12:05:01.203,1.58357,1.58369,1.73,1.50
2013.01.15 12:05:01.294,1.58359,1.58378,2.48,2.25
2013.01.15 12:05:01.456,1.58359,1.58372,1.50,2.48
2013.01.15 12:05:01.832,1.58358,1.58378,1.45,3.23
2013.01.15 12:05:02.492,1.58362,1.58378,1.73,2.25
2013.01.15 12:05:02.691,1.58365,1.58372,1.50,1.50
2013.01.15 12:05:03.478,1.58365,1.58376,1.73,2.25
2013.01.15 12:05:03.607,1.58365,1.58374,1.50,1.50
2013.01.15 12:05:04.669,1.58359,1.58371,1.73,1.50
2013.01.15 12:05:05.310,1.58359,1.5837,1.50,2.25
2013.01.15 12:05:05.669,1.58365,1.58384,8.25,1.50
2013.01.15 12:05:05.983,1.58359,1.58393,1.50,7.59
2013.01.15 12:05:06.063,1.58361,1.5838,1.35,3.75
2013.01.15 12:05:06.197,1.58368,1.58385,1.50,2.63
2013.01.15 12:05:06.284,1.58383,1.58398,1.27,1.50
2013.01.15 12:05:07.052,1.58388,1.58401,1.50,2.78
2013.01.15 12:05:07.362,1.58381,1.58401,1.73,2.70
2013.01.15 12:05:07.549,1.58379,1.58395,4.50,2.18
2013.01.15 12:05:08.215,1.58388,1.58402,1.73,2.18
2013.01.15 12:05:08.683,1.58374,1.58402,1.50,6.16
2013.01.15 12:05:08.808,1.58376,1.58399,1.52,3.23
2013.01.15 12:05:09.666,1.58379,1.58389,3.75,1.43
2013.01.15 12:05:09.754,1.58381,1.58394,2.25,1.73
2013.01.15 12:05:09.824,1.58385,1.58394,2.04,1.73
2013.01.15 12:05:10.133,1.58386,1.58394,1.29,1.73
2013.01.15 12:05:10.199,1.58388,1.58394,2.04,1.73
2013.01.15 12:05:10.420,1.58381,1.58393,2.25,1.73
2013.01.15 12:05:10.579,1.58382,1.584,1.50,1.43
2013.01.15 12:05:10.759,1.58376,1.584,1.47,1.73
2013.01.15 12:05:11.242,1.58389,1.584,1.73,1.50
2013.01.15 12:05:11.685,1.58395,1.58402,1.50,2.25
2013.01.15 12:05:11.751,1.58387,1.58403,1.73,1.50
2013.01.15 12:05:11.809,1.58389,1.58404,1.73,1.50
2013.01.15 12:05:11.990,1.58389,1.58404,1.73,1.50
2013.01.15 12:05:12.111,1.58394,1.58409,1.73,1.58
2013.01.15 12:05:12.239,1.58397,1.58412,1.41,2.33
2013.01.15 12:05:12.469,1.58404,1.5841,1.50,1.50
2013.01.15 12:05:12.712,1.58404,1.58413,1.50,3.08
2013.01.15 12:05:13.129,1.58396,1.58412,1.73,3.08
2013.01.15 12:05:13.422,1.58396,1.58419,1.73,1.50
2013.01.15 12:05:14.020,1.58397,1.58415,1.36,1.50
2013.01.15 12:05:14.808,1.58402,1.58421,1.73,1.50
2013.01.15 12:05:14.992,1.58402,1.58421,1.65,2.48
2013.01.15 12:05:15.209,1.58402,1.5842,1.65,2.85
2013.01.15 12:05:15.527,1.58402,1.58422,1.65,2.25
2013.01.15 12:05:15.638,1.58402,1.5842,1.65,2.70
2013.01.15 12:05:15.998,1.58399,1.58414,1.50,2.70
2013.01.15 12:05:16.119,1.584,1.58416,1.65,2.78
2013.01.15 12:05:16.504,1.58397,1.58413,1.36,2.55
2013.01.15 12:05:16.820,1.58396,1.58411,2.17,1.20
2013.01.15 12:05:17.120,1.58396,1.58411,1.73,1.58
2013.01.15 12:05:17.180,1.58396,1.58412,1.50,2.18
2013.01.15 12:05:17.303,1.58396,1.58414,1.65,2.48
2013.01.15 12:05:17.429,1.58396,1.58416,1.65,2.78
2013.01.15 12:05:17.549,1.58397,1.58419,1.65,2.18
2013.01.15 12:05:17.800,1.58397,1.58419,1.65,2.18
2013.01.15 12:05:18.229,1.58397,1.58416,1.65,2.25
2013.01.15 12:05:18.589,1.58397,1.58412,1.13,1.35
2013.01.15 12:05:19.013,1.58392,1.58411,1.73,2.63
2013.01.15 12:05:19.386,1.58395,1.58411,2.48,1.50
2013.01.15 12:05:19.661,1.58398,1.58417,1.50,1.50
2013.01.15 12:05:20.058,1.58391,1.58421,1.73,1.65
2013.01.15 12:05:20.480,1.5839,1.58423,3.23,1.73
2013.01.15 12:05:20.602,1.5839,1.58422,1.50,1.21
2013.01.15 12:05:20.932,1.58393,1.58419,1.73,1.73
2013.01.15 12:05:21.239,1.5839,1.58414,1.50,1.73
2013.01.15 12:05:21.598,1.58386,1.58405,1.50,1.73
2013.01.15 12:05:22.109,1.58387,1.58405,1.50,1.50
2013.01.15 12:05:22.460,1.58387,1.58405,1.50,1.73
2013.01.15 12:05:22.819,1.58387,1.58399,1.50,1.50
2013.01.15 12:05:23.584,1.58386,1.58399,1.50,1.73
2013.01.15 12:05:23.891,1.58384,1.58394,1.50,1.73
2013.01.15 12:05:24.440,1.58386,1.58392,1.50,1.73
2013.01.15 12:05:24.949,1.58378,1.58402,1.13,1.73
2013.01.15 12:05:25.395,1.58378,1.58394,1.13,1.50
2013.01.15 12:05:25.460,1.58377,1.58397,1.13,1.65
2013.01.15 12:05:26.271,1.58378,1.58395,1.13,1.65
2013.01.15 12:05:26.882,1.5837,1.58396,1.13,1.65
2013.01.15 12:05:27.250,1.58368,1.58397,1.73,1.73
2013.01.15 12:05:28.540,1.58382,1.58396,2.25,1.50
2013.01.15 12:05:28.837,1.58382,1.58403,1.50,1.50
2013.01.15 12:05:29.479,1.58382,1.58403,2.25,1.73
2013.01.15 12:05:29.658,1.58382,1.58403,1.50,1.73
2013.01.15 12:05:29.858,1.58382,1.58404,1.50,1.73
2013.01.15 12:05:29.979,1.58382,1.58404,2.25,1.73
2013.01.15 12:05:30.099,1.58382,1.58404,1.50,1.73
2013.01.15 12:05:30.628,1.5839,1.58404,2.25,1.50
2013.01.15 12:05:31.268,1.5839,1.58405,2.25,1.50
2013.01.15 12:05:31.599,1.58396,1.58413,2.25,3.23
2013.01.15 12:05:31.833,1.58393,1.58413,1.73,3.00
2013.01.15 12:05:32.490,1.58393,1.58413,1.73,3.00
2013.01.15 12:05:32.551,1.58393,1.58412,1.73,1.50
2013.01.15 12:05:32.737,1.5839,1.58412,2.48,1.50
2013.01.15 12:05:32.798,1.5839,1.58413,2.48,3.00
2013.01.15 12:05:33.718,1.58386,1.58413,1.73,3.23
2013.01.15 12:05:33.778,1.58386,1.58412,1.73,1.73
2013.01.15 12:05:34.339,1.58384,1.58405,1.73,1.50
2013.01.15 12:05:34.856,1.58384,1.58405,1.73,1.50
2013.01.15 12:05:35.768,1.58384,1.58405,1.73,1.50
2013.01.15 12:05:38.630,1.58384,1.58405,1.73,1.50
2013.01.15 12:05:39.064,1.58387,1.58405,1.73,1.50
2013.01.15 12:05:39.188,1.58378,1.58405,1.73,1.73
2013.01.15 12:05:39.308,1.58381,1.58405,1.73,1.50
2013.01.15 12:05:39.608,1.58381,1.58405,1.73,1.73
2013.01.15 12:05:39.889,1.58376,1.58404,1.50,1.57
2013.01.15 12:05:39.958,1.58373,1.58402,1.88,2.48
2013.01.15 12:05:40.139,1.58373,1.58402,1.50,2.48
2013.01.15 12:05:40.538,1.58372,1.58395,1.50,1.73
2013.01.15 12:05:40.769,1.58369,1.58395,1.73,1.73
2013.01.15 12:05:41.190,1.58371,1.58395,1.50,1.73
2013.01.15 12:05:41.964,1.58371,1.58395,1.50,1.73
2013.01.15 12:05:43.298,1.58371,1.58401,2.25,1.73
2013.01.15 12:05:44.221,1.58371,1.58401,2.25,1.73
2013.01.15 12:05:44.458,1.58368,1.58394,2.25,1.73
2013.01.15 12:05:44.698,1.58372,1.58394,1.50,1.73
2013.01.15 12:05:44.879,1.58368,1.58394,2.25,1.73
2013.01.15 12:05:45.479,1.58364,1.58392,1.73,1.73
2013.01.15 12:05:48.032,1.58363,1.58387,1.73,1.50
2013.01.15 12:05:48.100,1.58359,1.58387,2.25,1.73
2013.01.15 12:05:48.418,1.5836,1.58387,2.25,1.73
2013.01.15 12:05:49.297,1.58361,1.58378,1.50,1.50
2013.01.15 12:05:49.727,1.58356,1.58378,1.73,1.50
2013.01.15 12:05:50.738,1.5836,1.58378,1.50,1.50
2013.01.15 12:05:52.239,1.58357,1.58378,1.73,1.50
2013.01.15 12:05:52.728,1.58355,1.58378,1.50,1.73
2013.01.15 12:05:53.368,1.58357,1.58378,1.50,1.50
2013.01.15 12:05:53.798,1.58357,1.58378,1.50,1.50
2013.01.15 12:05:53.858,1.58351,1.58378,1.73,1.50
2013.01.15 12:05:53.978,1.58351,1.58378,1.50,1.73
2013.01.15 12:05:54.563,1.5835,1.58378,2.25,1.73
2013.01.15 12:05:55.658,1.58355,1.58378,1.50,1.50
2013.01.15 12:05:56.218,1.58349,1.58378,2.25,1.50
2013.01.15 12:05:56.839,1.5835,1.58378,1.50,1.73
2013.01.15 12:05:57.358,1.58349,1.58378,2.48,1.73
2013.01.15 12:05:57.431,1.58355,1.58378,1.50,1.73
2013.01.15 12:05:59.958,1.58357,1.58378,1.50,1.73
2013.01.15 12:06:01.311,1.58357,1.58374,1.50,1.50
2013.01.15 12:06:01.848,1.58357,1.58371,1.50,1.50
2013.01.15 12:06:05.418,1.5836,1.58371,1.50,1.50
2013.01.15 12:06:05.599,1.58363,1.58378,1.50,1.50
2013.01.15 12:06:05.658,1.5836,1.58378,1.50,1.50
2013.01.15 12:06:05.923,1.5836,1.58378,1.50,2.25
2013.01.15 12:06:05.992,1.5835,1.58378,2.48,2.25
2013.01.15 12:06:06.119,1.5835,1.58378,1.73,2.48
2013.01.15 12:06:06.300,1.5835,1.58378,1.50,2.48
2013.01.15 12:06:07.531,1.5835,1.58374,1.73,2.25
2013.01.15 12:06:07.834,1.58353,1.58374,1.50,2.25
2013.01.15 12:06:08.149,1.58362,1.58374,1.50,1.50
2013.01.15 12:06:08.329,1.58362,1.58383,1.50,1.73
2013.01.15 12:06:08.390,1.58362,1.58383,1.50,1.50
2013.01.15 12:06:08.604,1.58362,1.5838,1.50,1.50
2013.01.15 12:06:10.209,1.58362,1.58383,1.50,1.50
2013.01.15 12:06:11.529,1.58364,1.58383,1.50,1.50
2013.01.15 12:06:11.767,1.58354,1.58383,1.50,1.73
2013.01.15 12:06:12.068,1.58346,1.58379,1.50,1.43
2013.01.15 12:06:13.078,1.58345,1.58374,1.50,1.73
2013.01.15 12:06:13.140,1.58346,1.58376,3.23,1.50
2013.01.15 12:06:13.259,1.58346,1.58376,1.73,1.73
2013.01.15 12:06:14.692,1.58343,1.58375,1.13,1.45
2013.01.15 12:06:14.761,1.58344,1.58376,2.48,1.73
2013.01.15 12:06:14.879,1.58341,1.58375,2.48,1.32
2013.01.15 12:06:15.100,1.58341,1.58374,1.73,1.73
2013.01.15 12:06:15.458,1.5834,1.58373,1.13,1.61
2013.01.15 12:06:15.905,1.58337,1.58366,1.50,1.83
2013.01.15 12:06:16.449,1.58332,1.58367,1.73,1.61
2013.01.15 12:06:16.749,1.58326,1.58359,1.35,1.20
2013.01.15 12:06:16.808,1.58326,1.58355,1.35,1.73
2013.01.15 12:06:16.990,1.58321,1.58355,2.10,1.73
2013.01.15 12:06:17.679,1.5832,1.58348,1.35,1.73
2013.01.15 12:06:17.918,1.58316,1.58348,2.10,1.73
2013.01.15 12:06:18.159,1.5832,1.58348,1.35,1.73
2013.01.15 12:06:19.518,1.58316,1.58348,1.35,1.73
2013.01.15 12:06:19.639,1.58316,1.58348,1.35,1.73
2013.01.15 12:06:21.601,1.58316,1.58348,1.73,1.73
2013.01.15 12:06:21.928,1.58316,1.58339,1.73,1.50
2013.01.15 12:06:22.230,1.58309,1.58339,1.47,1.50
2013.01.15 12:06:22.290,1.58308,1.58339,1.35,1.73
2013.01.15 12:06:23.169,1.58306,1.58331,1.73,1.50
2013.01.15 12:06:23.352,1.58306,1.58331,1.35,1.73
2013.01.15 12:06:23.868,1.58306,1.58331,2.10,1.50
2013.01.15 12:06:24.210,1.5831,1.58331,2.25,1.50
2013.01.15 12:06:25.258,1.583,1.58331,1.35,1.50
2013.01.15 12:06:25.319,1.583,1.58331,1.35,1.73
2013.01.15 12:06:26.598,1.58297,1.58331,2.10,1.73
2013.01.15 12:06:27.111,1.58297,1.58331,1.73,1.73
2013.01.15 12:06:28.381,1.58296,1.58325,1.13,1.73
2013.01.15 12:06:29.608,1.58298,1.58325,2.48,1.73
2013.01.15 12:06:29.968,1.58298,1.58325,2.25,1.73
2013.01.15 12:06:30.329,1.58294,1.58324,1.13,1.61
2013.01.15 12:06:30.672,1.58295,1.58325,2.25,1.73
2013.01.15 12:06:31.234,1.58295,1.58325,2.48,1.73
2013.01.15 12:06:33.341,1.58298,1.58325,1.50,1.73
2013.01.15 12:06:33.660,1.58298,1.58325,1.88,1.73
2013.01.15 12:06:33.719,1.58298,1.58325,2.10,1.50
2013.01.15 12:06:33.900,1.5831,1.58332,1.50,3.23
2013.01.15 12:06:33.959,1.5831,1.58332,1.50,3.23
2013.01.15 12:06:34.358,1.58313,1.58332,1.50,1.73
2013.01.15 12:06:35.040,1.58313,1.58332,2.25,1.50
2013.01.15 12:06:35.841,1.58308,1.58326,1.50,1.50
2013.01.15 12:06:36.419,1.58306,1.58326,1.13,1.50
2013.01.15 12:06:36.599,1.58306,1.58326,1.13,1.73
2013.01.15 12:06:36.930,1.58301,1.58318,1.50,1.50
2013.01.15 12:06:38.658,1.58298,1.58318,1.50,1.50
2013.01.15 12:06:39.128,1.58294,1.58318,2.48,1.50
2013.01.15 12:06:39.309,1.58291,1.58318,1.50,1.73
2013.01.15 12:06:39.430,1.5829,1.58311,2.25,1.73
2013.01.15 12:06:39.489,1.58288,1.58311,1.13,1.73
2013.01.15 12:06:39.729,1.58289,1.58311,1.13,1.73
2013.01.15 12:06:40.250,1.58298,1.58311,1.50,1.50
2013.01.15 12:06:40.638,1.58288,1.58311,1.35,1.50
2013.01.15 12:06:40.758,1.58287,1.58309,1.35,1.50
2013.01.15 12:06:41.066,1.58287,1.58304,1.35,1.50
2013.01.15 12:06:41.478,1.58287,1.58304,1.13,1.50
2013.01.15 12:06:41.849,1.58277,1.58303,1.13,1.73
2013.01.15 12:06:42.159,1.58277,1.58298,1.13,1.50
2013.01.15 12:06:42.461,1.58277,1.58298,1.50,1.50
2013.01.15 12:06:42.882,1.58277,1.58303,1.73,1.73
2013.01.15 12:06:42.939,1.58277,1.58303,1.35,1.73
2013.01.15 12:06:42.998,1.58277,1.58306,1.35,1.73
2013.01.15 12:06:43.059,1.58277,1.58306,1.73,1.73
2013.01.15 12:06:43.119,1.58277,1.58306,1.35,1.73
2013.01.15 12:06:43.461,1.58275,1.58296,1.73,1.50
2013.01.15 12:06:43.768,1.58278,1.58296,1.73,1.50
2013.01.15 12:06:44.078,1.58287,1.58304,2.48,2.25
2013.01.15 12:06:44.389,1.58289,1.5831,1.73,2.25
2013.01.15 12:06:44.518,1.58295,1.5831,2.25,2.25
2013.01.15 12:06:44.939,1.583,1.5831,2.25,2.25
2013.01.15 12:06:45.299,1.58304,1.58317,1.50,1.50
2013.01.15 12:06:45.720,1.58297,1.58317,2.25,1.50
2013.01.15 12:06:46.526,1.58302,1.58318,1.50,2.25
2013.01.15 12:06:46.874,1.58287,1.58317,2.04,3.00
2013.01.15 12:06:46.940,1.58285,1.5831,1.29,2.25
2013.01.15 12:06:47.000,1.58284,1.58309,1.50,1.59
2013.01.15 12:06:47.060,1.58285,1.58305,1.13,1.73
2013.01.15 12:06:47.495,1.58286,1.58306,1.88,1.73
2013.01.15 12:06:47.945,1.58287,1.58306,2.63,1.73
2013.01.15 12:06:48.440,1.58292,1.5831,2.25,1.50
2013.01.15 12:06:48.501,1.58292,1.58312,2.25,1.50
2013.01.15 12:06:49.378,1.58298,1.58312,1.50,1.50
2013.01.15 12:06:49.564,1.58292,1.58317,2.25,1.73
2013.01.15 12:06:49.634,1.58292,1.5832,2.25,1.73
2013.01.15 12:06:49.760,1.58292,1.5832,1.50,1.73
2013.01.15 12:06:50.000,1.58292,1.58317,1.50,1.27
2013.01.15 12:06:50.120,1.58286,1.58304,1.88,1.73
2013.01.15 12:06:50.541,1.58286,1.58304,1.50,1.73
2013.01.15 12:06:50.878,1.58282,1.58294,2.25,1.50
2013.01.15 12:06:51.150,1.58282,1.58301,2.25,1.50
2013.01.15 12:06:51.478,1.58282,1.583,2.25,1.50
2013.01.15 12:06:51.659,1.58282,1.58295,1.50,1.50
2013.01.15 12:06:52.829,1.58277,1.58301,1.13,1.73
2013.01.15 12:06:52.949,1.58277,1.58301,1.13,1.73
2013.01.15 12:06:53.309,1.58276,1.58302,1.50,1.73
2013.01.15 12:06:53.667,1.58278,1.58294,2.25,1.50
2013.01.15 12:06:53.939,1.58274,1.58294,1.50,1.50
2013.01.15 12:06:54.329,1.58269,1.58299,2.10,1.73
2013.01.15 12:06:54.450,1.58273,1.58301,1.50,1.73
2013.01.15 12:06:54.818,1.58281,1.58294,1.50,1.50
2013.01.15 12:06:55.460,1.58278,1.58294,1.50,1.50
2013.01.15 12:06:55.538,1.58274,1.58294,2.48,1.50
2013.01.15 12:06:55.848,1.58269,1.58293,1.50,3.23
2013.01.15 12:06:56.160,1.58267,1.58292,2.48,2.13
2013.01.15 12:06:56.479,1.58263,1.58286,2.63,1.73
2013.01.15 12:06:56.889,1.58263,1.58283,1.50,1.73
2013.01.15 12:06:57.129,1.58263,1.58286,2.25,1.73
2013.01.15 12:06:57.559,1.58262,1.58286,1.50,1.73
2013.01.15 12:06:58.090,1.58261,1.58285,1.58,2.48
2013.01.15 12:06:58.213,1.58262,1.58286,3.08,1.73
2013.01.15 12:06:58.282,1.58256,1.58282,1.58,1.73
2013.01.15 12:06:58.411,1.58256,1.5828,1.50,1.73
2013.01.15 12:06:58.770,1.58256,1.58277,1.50,1.73
2013.01.15 12:06:59.129,1.58256,1.58276,1.50,1.73
2013.01.15 12:06:59.271,1.58256,1.58276,1.50,1.73
2013.01.15 12:06:59.818,1.58248,1.58276,2.25,1.65
2013.01.15 12:07:00.272,1.58257,1.58276,1.50,1.65
2013.01.15 12:07:00.401,1.58257,1.58267,1.50,1.50
2013.01.15 12:07:00.591,1.58257,1.58273,1.50,1.65
2013.01.15 12:07:00.771,1.58257,1.58281,1.50,1.51
2013.01.15 12:07:00.960,1.58249,1.58276,1.50,1.99
2013.01.15 12:07:01.079,1.58249,1.58276,1.50,1.65
2013.01.15 12:07:01.310,1.58249,1.58276,1.50,1.91
2013.01.15 12:07:01.428,1.58248,1.58276,3.00,1.65
2013.01.15 12:07:01.626,1.58249,1.58276,1.50,1.65
2013.01.15 12:07:01.958,1.58256,1.58276,1.50,1.50
2013.01.15 12:07:02.289,1.58264,1.58276,1.50,1.65
2013.01.15 12:07:02.348,1.58264,1.58276,2.25,1.65
2013.01.15 12:07:02.408,1.58262,1.58276,1.73,1.50
2013.01.15 12:07:02.468,1.58268,1.58276,1.50,1.50
2013.01.15 12:07:03.029,1.58263,1.58276,1.50,1.50
2013.01.15 12:07:03.221,1.58268,1.58276,2.48,1.50
2013.01.15 12:07:03.538,1.58263,1.58276,1.50,1.50
2013.01.15 12:07:04.604,1.58263,1.58282,1.50,1.50
2013.01.15 12:07:05.489,1.58259,1.58282,2.25,1.50
2013.01.15 12:07:06.599,1.58259,1.58289,1.73,3.23
2013.01.15 12:07:06.718,1.58259,1.58289,2.10,3.23
2013.01.15 12:07:07.019,1.58262,1.58287,1.50,2.48
2013.01.15 12:07:07.078,1.58269,1.58287,1.50,2.48
2013.01.15 12:07:07.379,1.58269,1.58281,1.73,1.50
2013.01.15 12:07:07.726,1.58269,1.5828,1.73,1.50
2013.01.15 12:07:08.031,1.58276,1.58299,1.73,2.25
2013.01.15 12:07:08.160,1.58261,1.58278,1.50,1.50
2013.01.15 12:07:08.398,1.58258,1.58278,1.50,1.50
2013.01.15 12:07:08.928,1.58255,1.58276,2.48,1.50
2013.01.15 12:07:09.292,1.58257,1.58277,2.10,1.50
2013.01.15 12:07:09.610,1.58257,1.58277,1.13,1.73
2013.01.15 12:07:09.830,1.58255,1.58277,1.13,1.73
2013.01.15 12:07:10.198,1.58249,1.58269,2.48,1.50
2013.01.15 12:07:10.449,1.58249,1.58269,1.50,1.50
2013.01.15 12:07:10.693,1.5824,1.58269,1.73,1.50
2013.01.15 12:07:10.999,1.58245,1.58269,1.50,1.73
2013.01.15 12:07:11.388,1.58245,1.5827,1.50,3.00
2013.01.15 12:07:11.569,1.58237,1.5827,1.13,3.00
2013.01.15 12:07:11.628,1.58238,1.5827,1.88,3.00
2013.01.15 12:07:12.309,1.58242,1.58272,1.13,3.23
2013.01.15 12:07:12.838,1.5824,1.58272,1.50,3.23
2013.01.15 12:07:12.961,1.58246,1.58273,1.50,1.32
2013.01.15 12:07:13.089,1.58245,1.58272,1.50,2.48
2013.01.15 12:07:13.533,1.58247,1.58278,2.10,2.48
2013.01.15 12:07:13.739,1.58247,1.58278,1.88,2.48
2013.01.15 12:07:14.041,1.58247,1.58273,1.13,3.23
2013.01.15 12:07:14.170,1.58246,1.58273,1.13,3.23
2013.01.15 12:07:14.247,1.58246,1.58273,1.13,3.72
2013.01.15 12:07:14.573,1.58247,1.58274,1.13,1.73
2013.01.15 12:07:14.819,1.58247,1.58274,1.13,1.73
2013.01.15 12:07:15.619,1.58247,1.5828,3.23,1.73
2013.01.15 12:07:15.738,1.58248,1.5828,1.13,2.25
2013.01.15 12:07:16.128,1.58248,1.5828,1.88,2.25
2013.01.15 12:07:16.431,1.58268,1.58295,1.50,1.73
2013.01.15 12:07:16.663,1.58267,1.58295,3.00,1.73
2013.01.15 12:07:16.856,1.58261,1.5829,3.00,2.27
2013.01.15 12:07:17.312,1.58262,1.58288,2.25,1.73
2013.01.15 12:07:17.589,1.58265,1.58288,2.25,1.73
2013.01.15 12:07:17.710,1.58268,1.58288,2.25,1.73
2013.01.15 12:07:17.829,1.58259,1.58288,2.48,1.73
2013.01.15 12:07:17.888,1.58259,1.58288,2.25,1.73
2013.01.15 12:07:18.799,1.58262,1.58288,2.25,1.73
2013.01.15 12:07:19.440,1.5826,1.58288,2.25,1.73
2013.01.15 12:07:19.838,1.58265,1.58288,2.25,1.73
2013.01.15 12:07:19.899,1.58265,1.58288,2.25,1.73
2013.01.15 12:07:20.198,1.58269,1.58292,1.50,1.73
2013.01.15 12:07:20.438,1.58269,1.58294,1.50,1.73
2013.01.15 12:07:20.678,1.58269,1.58294,1.50,1.73
2013.01.15 12:07:21.692,1.58268,1.58294,2.25,2.48
2013.01.15 12:07:22.288,1.58263,1.58291,2.10,1.73
2013.01.15 12:07:22.349,1.58263,1.58291,1.13,1.98
2013.01.15 12:07:23.680,1.58261,1.58288,2.48,1.73
2013.01.15 12:07:23.799,1.58265,1.58293,2.25,1.73
2013.01.15 12:07:23.921,1.58269,1.58293,1.50,1.73
2013.01.15 12:07:24.050,1.58269,1.58293,1.50,1.73
2013.01.15 12:07:24.169,1.58265,1.58293,2.25,2.48
2013.01.15 12:07:24.729,1.58274,1.58295,1.50,2.25
2013.01.15 12:07:24.788,1.58277,1.58305,3.00,1.73
2013.01.15 12:07:24.908,1.58278,1.58306,1.50,1.73
2013.01.15 12:07:25.491,1.58281,1.58306,2.25,1.73
2013.01.15 12:07:26.291,1.58283,1.58311,2.25,1.72
2013.01.15 12:07:26.637,1.58284,1.58311,1.50,1.20
2013.01.15 12:07:27.318,1.58287,1.58314,2.25,3.06
2013.01.15 12:07:27.659,1.58286,1.5831,1.50,1.63
2013.01.15 12:07:27.968,1.58286,1.58313,1.50,2.47
2013.01.15 12:07:28.091,1.58296,1.58313,2.25,2.47
2013.01.15 12:07:28.328,1.58297,1.58321,1.50,1.73
2013.01.15 12:07:28.742,1.58289,1.58312,1.50,1.93
2013.01.15 12:07:28.940,1.58287,1.58312,1.50,2.40
2013.01.15 12:07:30.200,1.58288,1.58313,1.50,1.73
2013.01.15 12:07:30.738,1.58296,1.58313,2.25,1.73
2013.01.15 12:07:30.931,1.58292,1.58313,1.50,1.50
2013.01.15 12:07:31.051,1.58295,1.58313,1.50,1.50
2013.01.15 12:07:31.478,1.58292,1.58313,1.50,1.50
2013.01.15 12:07:31.848,1.58292,1.58313,1.73,1.50
2013.01.15 12:07:31.909,1.58292,1.58313,1.50,1.50
2013.01.15 12:07:34.188,1.58294,1.58313,2.25,1.50
2013.01.15 12:07:34.309,1.58295,1.5832,1.50,1.73
2013.01.15 12:07:34.538,1.58295,1.5832,1.50,1.73
2013.01.15 12:07:35.008,1.58294,1.5832,2.25,1.73
2013.01.15 12:07:35.070,1.58292,1.5832,1.73,1.73
2013.01.15 12:07:35.130,1.58292,1.58311,1.73,1.50
2013.01.15 12:07:36.191,1.583,1.58311,1.50,1.50
2013.01.15 12:07:36.310,1.58298,1.58311,1.50,1.50
2013.01.15 12:07:36.629,1.58291,1.58311,1.73,1.50
2013.01.15 12:07:36.688,1.58291,1.58311,1.50,1.50
2013.01.15 12:07:38.928,1.58291,1.58311,1.73,1.50
2013.01.15 12:07:39.359,1.58295,1.58311,2.25,1.50
2013.01.15 12:07:40.230,1.58295,1.58318,2.25,1.73
2013.01.15 12:07:40.745,1.58292,1.58316,1.73,1.50
2013.01.15 12:07:41.048,1.58284,1.58303,1.32,1.50
2013.01.15 12:07:41.109,1.58275,1.58303,1.88,1.73
2013.01.15 12:07:41.229,1.58275,1.58302,1.88,1.53
2013.01.15 12:07:41.549,1.58275,1.583,1.88,1.57
2013.01.15 12:07:42.167,1.58275,1.58296,1.13,1.57
2013.01.15 12:07:42.411,1.58275,1.58294,1.13,1.73
2013.01.15 12:07:42.737,1.58266,1.58297,2.25,2.48
2013.01.15 12:07:44.475,1.58266,1.58297,1.73,2.48
2013.01.15 12:07:44.870,1.58266,1.58297,1.50,2.48
2013.01.15 12:07:44.929,1.58266,1.58297,1.73,1.73
2013.01.15 12:07:45.480,1.58266,1.58297,1.73,1.73
2013.01.15 12:07:47.041,1.58269,1.58297,1.73,1.50
2013.01.15 12:07:47.160,1.58269,1.58301,1.73,1.73
2013.01.15 12:07:47.219,1.58269,1.58301,1.50,2.34
2013.01.15 12:07:47.361,1.58266,1.58296,1.50,1.73
2013.01.15 12:07:47.419,1.58273,1.58296,2.25,1.73
2013.01.15 12:07:47.479,1.58273,1.58296,2.48,1.50
2013.01.15 12:07:47.930,1.58274,1.58296,1.73,1.50
2013.01.15 12:07:48.508,1.58273,1.58296,2.48,1.50
2013.01.15 12:07:49.122,1.58274,1.58296,1.73,1.50
2013.01.15 12:07:49.687,1.58273,1.58296,2.48,1.50
2013.01.15 12:07:51.048,1.58273,1.58296,2.25,1.73
2013.01.15 12:07:51.109,1.58269,1.58296,1.73,1.73
2013.01.15 12:07:54.899,1.58267,1.58296,1.73,1.73
2013.01.15 12:07:57.848,1.58267,1.58296,2.10,1.50
2013.01.15 12:07:58.172,1.58274,1.58296,1.73,1.50
2013.01.15 12:07:58.464,1.58273,1.58296,2.48,1.50
2013.01.15 12:08:00.829,1.58274,1.58296,1.73,1.50
2013.01.15 12:08:02.799,1.58278,1.58296,2.48,1.50
2013.01.15 12:08:03.079,1.58282,1.58303,1.73,1.50
2013.01.15 12:08:03.609,1.58275,1.58303,1.73,1.73
2013.01.15 12:08:03.670,1.58275,1.58301,2.48,1.50
2013.01.15 12:08:03.989,1.58272,1.58296,2.48,1.50
2013.01.15 12:08:04.890,1.58276,1.58296,2.48,1.50
2013.01.15 12:08:05.427,1.58276,1.58296,2.25,1.50
2013.01.15 12:08:05.800,1.58276,1.58296,2.48,1.50
2013.01.15 12:08:05.862,1.58276,1.58296,2.25,1.50
2013.01.15 12:08:08.390,1.58276,1.58296,2.48,1.50
2013.01.15 12:08:08.801,1.58276,1.58296,2.48,1.50
2013.01.15 12:08:08.862,1.58272,1.583,1.73,1.50
2013.01.15 12:08:08.919,1.58272,1.58302,1.73,1.50
2013.01.15 12:08:08.980,1.58275,1.58302,1.73,1.50
2013.01.15 12:08:09.159,1.58267,1.58295,2.63,1.73
2013.01.15 12:08:09.398,1.58269,1.58295,1.73,1.50
2013.01.15 12:08:09.519,1.58274,1.58295,1.50,1.50
2013.01.15 12:08:09.839,1.5827,1.58295,1.73,1.50
2013.01.15 12:08:09.953,1.5827,1.58295,1.73,1.50
2013.01.15 12:08:10.079,1.58269,1.58295,1.73,1.50
2013.01.15 12:08:10.439,1.58273,1.58295,1.50,1.50
2013.01.15 12:08:10.885,1.58267,1.58294,1.13,2.48
2013.01.15 12:08:10.968,1.58267,1.58294,1.35,2.25
2013.01.15 12:08:11.348,1.58266,1.58294,1.13,2.48
2013.01.15 12:08:11.859,1.58269,1.58295,1.50,1.73
2013.01.15 12:08:11.949,1.58267,1.58295,2.25,1.73
2013.01.15 12:08:12.010,1.58267,1.58295,2.48,1.73
2013.01.15 12:08:12.358,1.58269,1.58295,1.73,1.50
2013.01.15 12:08:13.379,1.58263,1.58291,1.35,1.50
2013.01.15 12:08:13.438,1.58263,1.58291,1.35,1.73
2013.01.15 12:08:13.972,1.58261,1.58291,2.85,1.73
2013.01.15 12:08:14.348,1.58263,1.58291,1.73,1.73
2013.01.15 12:08:14.664,1.5827,1.58295,1.73,1.50
2013.01.15 12:08:15.940,1.5827,1.58293,1.50,1.73
2013.01.15 12:08:15.999,1.58263,1.58291,1.35,1.73
2013.01.15 12:08:16.118,1.58261,1.58291,2.48,1.73
2013.01.15 12:08:18.109,1.58263,1.58293,3.23,1.73
2013.01.15 12:08:18.239,1.58263,1.58293,3.23,1.73
2013.01.15 12:08:19.003,1.58267,1.58293,1.50,1.73
2013.01.15 12:08:19.069,1.58268,1.58294,1.50,2.48
2013.01.15 12:08:19.849,1.58268,1.58297,1.73,1.73
2013.01.15 12:08:19.908,1.58276,1.58301,1.50,1.73
2013.01.15 12:08:20.679,1.58281,1.58301,1.50,1.73
2013.01.15 12:08:20.741,1.58281,1.58301,1.50,1.50
2013.01.15 12:08:20.920,1.58281,1.58299,1.50,1.50
2013.01.15 12:08:21.040,1.58268,1.58295,1.50,1.73
2013.01.15 12:08:21.249,1.58263,1.58294,1.50,2.48
2013.01.15 12:08:22.819,1.58263,1.58294,1.73,3.23
2013.01.15 12:08:22.943,1.58266,1.58294,1.13,3.23
2013.01.15 12:08:23.130,1.58263,1.58293,2.63,1.73
2013.01.15 12:08:25.178,1.58263,1.58292,1.50,1.73
2013.01.15 12:08:26.672,1.58263,1.58292,2.48,1.73
2013.01.15 12:08:27.166,1.58266,1.58293,2.25,1.73
2013.01.15 12:08:27.629,1.58266,1.58294,2.25,1.73
2013.01.15 12:08:28.169,1.58266,1.58294,2.25,2.48
2013.01.15 12:08:28.823,1.58266,1.58292,1.50,1.73
2013.01.15 12:08:28.940,1.58266,1.58294,2.25,2.48
2013.01.15 12:08:29.372,1.58266,1.58292,1.50,1.73
2013.01.15 12:08:29.579,1.58262,1.58292,2.25,1.73
2013.01.15 12:08:29.767,1.58267,1.58292,1.50,1.73
2013.01.15 12:08:34.362,1.58261,1.58287,2.48,2.25
2013.01.15 12:08:34.418,1.58263,1.58287,1.73,1.50
2013.01.15 12:08:34.730,1.58263,1.58292,2.25,1.73
2013.01.15 12:08:35.069,1.58266,1.58292,1.50,1.73
2013.01.15 12:08:35.520,1.58269,1.58292,1.50,1.73
2013.01.15 12:08:35.949,1.58269,1.58299,1.50,3.23
2013.01.15 12:08:36.192,1.58275,1.58299,1.50,1.73
2013.01.15 12:08:36.549,1.58269,1.58299,1.73,3.23
2013.01.15 12:08:36.750,1.58272,1.58299,2.25,1.73
2013.01.15 12:08:36.870,1.58272,1.58299,2.25,1.73
2013.01.15 12:08:38.520,1.58272,1.58299,2.25,1.73
2013.01.15 12:08:38.590,1.58268,1.58299,2.25,1.73
2013.01.15 12:08:39.619,1.58268,1.58299,2.48,1.73
2013.01.15 12:08:39.678,1.58271,1.58299,2.25,1.73
2013.01.15 12:08:39.898,1.58269,1.58299,1.73,3.23
2013.01.15 12:08:39.960,1.58271,1.58299,2.25,1.73
2013.01.15 12:08:40.624,1.58268,1.58299,2.48,1.73
2013.01.15 12:08:40.749,1.58271,1.58299,2.25,1.73
2013.01.15 12:08:40.990,1.58269,1.58299,1.50,3.23
2013.01.15 12:08:41.109,1.58268,1.58297,1.13,2.48
2013.01.15 12:08:41.228,1.58268,1.58297,1.13,2.48
2013.01.15 12:08:41.934,1.58269,1.58299,1.50,3.23
2013.01.15 12:08:42.000,1.58269,1.58299,1.50,3.23
2013.01.15 12:08:42.598,1.58266,1.58298,3.00,2.48
2013.01.15 12:08:43.120,1.58267,1.58298,1.50,2.48
2013.01.15 12:08:43.709,1.58266,1.58298,2.25,2.48
2013.01.15 12:08:45.387,1.58266,1.58293,1.50,1.73
2013.01.15 12:08:46.909,1.58272,1.58293,2.25,1.73
2013.01.15 12:08:46.968,1.58272,1.58293,2.25,1.73
2013.01.15 12:08:47.209,1.58268,1.58293,1.50,1.73
2013.01.15 12:08:47.891,1.58267,1.58293,2.25,1.73
2013.01.15 12:08:48.830,1.58269,1.58293,1.50,1.73
2013.01.15 12:08:50.059,1.58269,1.58293,2.25,1.73
2013.01.15 12:08:50.562,1.58274,1.583,1.50,1.73
2013.01.15 12:08:51.289,1.58272,1.583,2.48,1.73
2013.01.15 12:08:52.920,1.5828,1.58302,1.50,1.73
2013.01.15 12:08:53.408,1.5828,1.58306,1.50,1.73
2013.01.15 12:08:53.595,1.5828,1.58306,1.50,1.73
2013.01.15 12:08:53.658,1.58277,1.58306,2.25,1.73
2013.01.15 12:08:56.399,1.58281,1.58306,1.50,1.73
2013.01.15 12:08:56.491,1.58277,1.58306,2.25,1.73
2013.01.15 12:08:56.684,1.58277,1.58306,2.48,1.73
2013.01.15 12:08:56.931,1.58281,1.58306,2.25,1.73
2013.01.15 12:08:57.289,1.58287,1.58312,1.50,1.41
2013.01.15 12:08:57.540,1.58287,1.58313,2.48,1.50
2013.01.15 12:08:58.155,1.58289,1.58313,1.50,1.50
2013.01.15 12:09:00.631,1.58289,1.58319,2.25,1.73
2013.01.15 12:09:01.179,1.58282,1.58312,1.73,1.73
2013.01.15 12:09:01.240,1.58282,1.58312,1.50,1.73
2013.01.15 12:09:01.361,1.58282,1.58312,1.50,1.73
2013.01.15 12:09:01.732,1.58281,1.58304,1.50,1.63
2013.01.15 12:09:01.831,1.58276,1.58304,1.50,1.63
2013.01.15 12:09:02.560,1.58276,1.58305,1.13,1.73
2013.01.15 12:09:02.682,1.58276,1.58305,1.13,1.73
2013.01.15 12:09:03.195,1.58276,1.583,1.13,1.50
2013.01.15 12:09:03.740,1.58276,1.58305,1.13,1.73
2013.01.15 12:09:04.099,1.58275,1.58304,1.13,1.54
2013.01.15 12:09:04.485,1.58272,1.58304,1.50,1.54
2013.01.15 12:09:04.640,1.58267,1.58297,2.25,1.36
2013.01.15 12:09:04.704,1.58267,1.58297,1.50,1.36
2013.01.15 12:09:04.769,1.5827,1.5829,1.50,1.73
2013.01.15 12:09:05.098,1.58267,1.5829,1.13,1.73
2013.01.15 12:09:05.540,1.58266,1.5829,1.13,1.73
2013.01.15 12:09:05.848,1.58257,1.58288,1.13,1.47
2013.01.15 12:09:06.419,1.58251,1.58283,1.13,1.73
2013.01.15 12:09:07.049,1.58268,1.58283,1.50,1.73
2013.01.15 12:09:07.169,1.58262,1.58283,1.50,1.73
2013.01.15 12:09:07.369,1.58259,1.58283,1.50,1.73
2013.01.15 12:09:07.970,1.58258,1.58283,1.50,1.73
2013.01.15 12:09:08.089,1.58256,1.58283,1.50,1.73
2013.01.15 12:09:08.652,1.58255,1.58283,1.50,1.73
2013.01.15 12:09:09.339,1.58255,1.5828,1.50,1.73
2013.01.15 12:09:09.790,1.58244,1.58275,3.23,1.73
2013.01.15 12:09:10.179,1.58244,1.58275,1.50,1.73
2013.01.15 12:09:10.569,1.58241,1.58268,2.48,1.73
2013.01.15 12:09:10.781,1.58241,1.58268,1.73,1.73
2013.01.15 12:09:11.668,1.58241,1.58266,1.73,1.50
2013.01.15 12:09:11.982,1.58241,1.5826,1.50,1.73
2013.01.15 12:09:12.469,1.58241,1.58258,1.50,1.61
2013.01.15 12:09:13.009,1.58226,1.58249,2.25,1.20
2013.01.15 12:09:13.531,1.5822,1.58249,1.50,1.20
2013.01.15 12:09:13.722,1.58219,1.58249,2.25,1.95
2013.01.15 12:09:13.912,1.58218,1.58244,1.50,1.20
2013.01.15 12:09:14.900,1.58213,1.58243,2.25,1.20
2013.01.15 12:09:14.962,1.58213,1.58244,2.48,2.48
2013.01.15 12:09:15.099,1.58213,1.58242,2.25,1.20
2013.01.15 12:09:15.159,1.58213,1.58244,2.25,2.48
2013.01.15 12:09:15.370,1.58213,1.58242,2.25,1.29
2013.01.15 12:09:15.740,1.58213,1.58244,2.25,2.48
2013.01.15 12:09:16.150,1.5821,1.58242,1.50,1.52
2013.01.15 12:09:16.971,1.58205,1.58236,1.73,1.73
2013.01.15 12:09:17.039,1.58205,1.58234,1.50,1.25
2013.01.15 12:09:17.604,1.58203,1.58234,1.50,2.00
2013.01.15 12:09:18.841,1.58205,1.58234,1.50,1.25
2013.01.15 12:09:19.080,1.58205,1.58236,1.73,1.73
2013.01.15 12:09:19.138,1.58205,1.58236,1.73,1.73
2013.01.15 12:09:19.259,1.58212,1.58243,1.50,1.73
2013.01.15 12:09:21.189,1.58212,1.58243,1.50,1.73
2013.01.15 12:09:21.249,1.58216,1.58243,1.73,1.50
2013.01.15 12:09:21.579,1.58219,1.58243,2.48,2.25
2013.01.15 12:09:21.820,1.58212,1.58243,1.73,1.73
2013.01.15 12:09:22.229,1.58211,1.58243,1.73,2.48
2013.01.15 12:09:22.289,1.58205,1.58237,1.73,1.50
2013.01.15 12:09:23.039,1.58207,1.58243,1.73,1.73
2013.01.15 12:09:23.099,1.58212,1.58244,1.73,1.73
2013.01.15 12:09:23.159,1.58214,1.58246,1.50,1.73
2013.01.15 12:09:23.469,1.58222,1.58244,2.48,1.50
2013.01.15 12:09:23.889,1.58221,1.58246,1.73,1.50
2013.01.15 12:09:24.569,1.58221,1.58244,1.73,1.50
2013.01.15 12:09:25.060,1.58214,1.58244,3.23,1.73
2013.01.15 12:09:25.180,1.58215,1.58245,1.73,1.50
2013.01.15 12:09:25.709,1.58215,1.58245,1.73,1.73
2013.01.15 12:09:27.160,1.58214,1.58244,2.48,1.73
2013.01.15 12:09:32.590,1.58214,1.58246,3.23,3.98
2013.01.15 12:09:34.574,1.58214,1.58244,2.48,1.73
2013.01.15 12:09:35.078,1.58214,1.58246,3.23,3.98
2013.01.15 12:09:36.629,1.58214,1.58237,1.73,1.50
2013.01.15 12:09:36.959,1.58214,1.58242,3.00,1.29
2013.01.15 12:09:37.311,1.58214,1.58239,2.48,1.50
2013.01.15 12:09:37.429,1.58208,1.58236,1.50,2.48
2013.01.15 12:09:37.921,1.58212,1.58233,2.48,1.50
2013.01.15 12:09:39.390,1.58212,1.5824,2.48,1.73
2013.01.15 12:09:39.470,1.58212,1.5824,1.73,1.73
2013.01.15 12:09:41.149,1.58214,1.58244,1.73,2.48
2013.01.15 12:09:41.825,1.58215,1.58244,1.50,1.73
2013.01.15 12:09:44.399,1.58215,1.58246,1.73,3.23
2013.01.15 12:09:49.470,1.58214,1.58246,3.23,3.23
2013.01.15 12:09:49.649,1.58212,1.5824,1.73,1.73
2013.01.15 12:09:52.191,1.58212,1.58238,1.73,1.50
2013.01.15 12:09:52.420,1.58212,1.5824,1.73,1.73
2013.01.15 12:09:52.480,1.58212,1.5824,2.48,1.73
2013.01.15 12:09:53.026,1.58215,1.58244,1.73,1.73
2013.01.15 12:09:56.038,1.5822,1.58247,1.73,1.73
2013.01.15 12:09:56.350,1.58219,1.58249,2.48,2.25
2013.01.15 12:09:56.768,1.58219,1.58248,2.48,1.73
2013.01.15 12:09:56.903,1.58219,1.58246,1.73,1.73
2013.01.15 12:09:57.590,1.58219,1.58248,1.73,1.73
2013.01.15 12:09:58.131,1.58219,1.58248,2.48,1.73
2013.01.15 12:10:01.161,1.58224,1.5825,1.50,1.73
2013.01.15 12:10:01.220,1.58224,1.5825,1.50,1.73
2013.01.15 12:10:01.609,1.58224,1.5825,1.50,1.73
2013.01.15 12:10:02.050,1.58229,1.58256,2.48,2.48
2013.01.15 12:10:02.150,1.58229,1.58256,1.73,2.48
2013.01.15 12:10:02.392,1.58224,1.58252,1.50,1.73
2013.01.15 12:10:03.610,1.58224,1.58255,1.73,2.48
2013.01.15 12:10:04.070,1.58224,1.58255,1.73,2.48
2013.01.15 12:10:04.640,1.58231,1.58258,1.50,1.73
2013.01.15 12:10:04.762,1.58237,1.58261,1.50,1.73
2013.01.15 12:10:06.489,1.58231,1.58259,1.73,2.48
2013.01.15 12:10:06.834,1.58228,1.58254,1.73,1.73
2013.01.15 12:10:06.960,1.58228,1.58254,1.50,1.73
2013.01.15 12:10:09.149,1.58227,1.58254,1.50,1.73
2013.01.15 12:10:09.210,1.58224,1.58252,1.50,1.73
2013.01.15 12:10:09.520,1.58224,1.58252,1.50,1.73
2013.01.15 12:10:17.671,1.58224,1.58246,1.50,1.73
2013.01.15 12:10:17.991,1.58224,1.58252,3.00,2.13
2013.01.15 12:10:18.051,1.58224,1.58254,3.23,2.48
2013.01.15 12:10:18.170,1.5823,1.58255,1.73,1.50
2013.01.15 12:10:18.471,1.5823,1.58255,1.73,1.50
2013.01.15 12:10:18.709,1.58225,1.58249,1.73,1.50
2013.01.15 12:10:18.949,1.58225,1.58249,1.73,1.50
2013.01.15 12:10:19.013,1.58228,1.58255,2.48,1.50
2013.01.15 12:10:19.143,1.58228,1.58254,2.25,1.56
2013.01.15 12:10:19.209,1.58228,1.58254,1.50,1.56
2013.01.15 12:10:19.449,1.58237,1.58254,1.50,1.56
2013.01.15 12:10:19.509,1.58237,1.58262,1.50,1.73
2013.01.15 12:10:19.629,1.58237,1.58262,1.50,1.73
2013.01.15 12:10:19.943,1.58241,1.58262,2.25,1.73
2013.01.15 12:10:20.311,1.58243,1.58262,2.25,1.73
2013.01.15 12:10:20.430,1.58243,1.58266,2.25,1.35
2013.01.15 12:10:21.065,1.58246,1.58268,1.50,1.35
2013.01.15 12:10:21.945,1.58246,1.58262,1.50,1.20
2013.01.15 12:10:22.016,1.58246,1.58271,1.50,2.48
2013.01.15 12:10:23.620,1.58246,1.5827,1.50,1.54
2013.01.15 12:10:23.708,1.58243,1.5827,1.50,1.54
2013.01.15 12:10:24.830,1.58243,1.58264,1.50,1.73
2013.01.15 12:10:24.949,1.5824,1.58263,2.25,1.73
2013.01.15 12:10:25.177,1.58246,1.58269,1.50,1.73
2013.01.15 12:10:25.243,1.58246,1.58269,1.50,1.73
2013.01.15 12:10:25.310,1.58242,1.58269,1.50,1.73
2013.01.15 12:10:26.542,1.58242,1.58268,1.50,1.54
2013.01.15 12:10:26.720,1.58239,1.58266,2.25,1.54
2013.01.15 12:10:26.971,1.58234,1.58263,2.25,1.73
2013.01.15 12:10:27.031,1.5824,1.58263,2.25,1.73
2013.01.15 12:10:27.691,1.58236,1.58256,1.50,1.73
2013.01.15 12:10:28.083,1.58233,1.58256,2.25,1.73
2013.01.15 12:10:28.160,1.58236,1.58256,1.50,1.73
2013.01.15 12:10:28.620,1.58234,1.58256,2.25,1.73
2013.01.15 12:10:28.966,1.58234,1.58256,2.25,1.73
2013.01.15 12:10:29.373,1.58231,1.58254,1.50,1.98
2013.01.15 12:10:30.739,1.58233,1.58254,2.25,1.23
2013.01.15 12:10:30.802,1.58233,1.58256,2.25,1.73
2013.01.15 12:10:31.050,1.5823,1.58256,1.50,2.70
2013.01.15 12:10:31.441,1.5823,1.58254,1.50,1.63
2013.01.15 12:10:31.501,1.58227,1.58254,2.25,1.63
2013.01.15 12:10:31.565,1.58227,1.58254,2.25,1.36
2013.01.15 12:10:31.983,1.58234,1.58254,2.25,1.61
2013.01.15 12:10:32.049,1.58231,1.58254,1.50,1.61
2013.01.15 12:10:32.489,1.58231,1.58254,2.25,1.61
2013.01.15 12:10:35.790,1.58231,1.58254,1.50,1.61
2013.01.15 12:10:35.969,1.58228,1.58253,1.50,1.83
2013.01.15 12:10:36.219,1.58228,1.58253,1.50,1.68
2013.01.15 12:10:36.939,1.58231,1.58254,1.50,1.45
2013.01.15 12:10:36.999,1.58231,1.58254,1.50,1.63
2013.01.15 12:10:37.698,1.58227,1.58254,2.25,2.61
2013.01.15 12:10:37.758,1.58227,1.58254,2.25,2.18
2013.01.15 12:10:38.538,1.58227,1.58254,2.25,1.36
2013.01.15 12:10:39.225,1.58231,1.58254,1.50,1.36
2013.01.15 12:10:39.414,1.58231,1.58254,1.50,1.43
2013.01.15 12:10:40.240,1.58227,1.58254,2.25,1.43
2013.01.15 12:10:40.360,1.58225,1.58254,2.25,1.47
2013.01.15 12:10:41.820,1.58219,1.58244,2.25,1.34
2013.01.15 12:10:42.280,1.58219,1.58245,2.25,1.73
2013.01.15 12:10:42.810,1.58219,1.58245,2.25,1.73
2013.01.15 12:10:43.199,1.58216,1.58245,2.25,1.73
2013.01.15 12:10:43.259,1.58216,1.58243,2.25,1.41
2013.01.15 12:10:46.452,1.58216,1.58243,2.25,1.23
2013.01.15 12:10:46.701,1.58212,1.5824,1.50,1.36
2013.01.15 12:10:46.820,1.58212,1.5824,1.50,1.73
2013.01.15 12:10:46.901,1.58212,1.5824,1.50,1.73
2013.01.15 12:10:47.449,1.58218,1.5824,1.50,1.73
2013.01.15 12:10:50.401,1.58213,1.58245,2.48,2.48
2013.01.15 12:10:50.530,1.58215,1.58246,2.48,1.73
2013.01.15 12:10:50.769,1.58221,1.58245,1.50,1.73
2013.01.15 12:10:50.845,1.58221,1.58245,1.50,1.73
2013.01.15 12:10:50.972,1.58214,1.58245,1.50,2.48
2013.01.15 12:10:51.761,1.58214,1.58244,2.48,1.73
2013.01.15 12:10:53.422,1.58214,1.58236,1.73,2.25
2013.01.15 12:10:53.480,1.58214,1.58236,1.50,2.48
2013.01.15 12:10:53.599,1.58214,1.58241,1.50,1.73
2013.01.15 12:10:53.838,1.58214,1.58244,2.48,1.73
2013.01.15 12:10:54.609,1.58214,1.58241,1.50,1.73
2013.01.15 12:10:57.001,1.58214,1.58241,1.50,1.73
2013.01.15 12:10:58.541,1.58214,1.58238,1.50,1.73
2013.01.15 12:10:58.681,1.58208,1.58238,2.25,3.23
2013.01.15 12:10:59.180,1.58208,1.58234,1.50,1.73
2013.01.15 12:10:59.432,1.58208,1.58238,2.25,3.23
2013.01.15 12:10:59.650,1.58208,1.58238,2.25,3.23
2013.01.15 12:10:59.710,1.58208,1.58238,2.48,3.00
2013.01.15 12:10:59.769,1.58217,1.58246,2.25,1.73
2013.01.15 12:11:00.450,1.58215,1.58239,1.73,1.50
2013.01.15 12:11:00.511,1.58214,1.58239,1.50,2.13
2013.01.15 12:11:00.966,1.58208,1.58239,1.50,2.88
2013.01.15 12:11:01.649,1.58208,1.58239,1.50,2.40
2013.01.15 12:11:02.645,1.58215,1.58239,1.50,1.73
2013.01.15 12:11:06.473,1.58209,1.58238,1.50,2.48
2013.01.15 12:11:06.839,1.58209,1.5824,3.60,1.73
2013.01.15 12:11:06.899,1.58215,1.5824,2.25,1.73
2013.01.15 12:11:06.960,1.58218,1.58244,1.50,1.20
2013.01.15 12:11:07.172,1.5822,1.58247,1.73,1.73
2013.01.15 12:11:07.829,1.58218,1.58246,3.23,1.20
2013.01.15 12:11:07.889,1.58216,1.58241,2.48,1.50
2013.01.15 12:11:08.212,1.58216,1.58245,2.48,1.73
2013.01.15 12:11:08.331,1.58219,1.58245,1.50,2.48
2013.01.15 12:11:08.582,1.58216,1.58245,2.10,2.48
2013.01.15 12:11:09.103,1.58216,1.58245,1.73,2.48
2013.01.15 12:11:10.010,1.58222,1.58247,2.25,1.73
2013.01.15 12:11:10.189,1.58222,1.58247,2.48,1.50
2013.01.15 12:11:10.250,1.58226,1.58252,1.50,1.73
2013.01.15 12:11:11.090,1.58226,1.5825,1.50,1.73
2013.01.15 12:11:12.239,1.58221,1.5825,1.73,2.48
2013.01.15 12:11:12.301,1.5822,1.5825,1.73,2.48
2013.01.15 12:11:12.601,1.58221,1.58244,1.50,1.50
2013.01.15 12:11:12.879,1.58218,1.58247,1.50,1.73
2013.01.15 12:11:13.251,1.58219,1.58251,1.73,2.48
2013.01.15 12:11:13.849,1.58218,1.58247,1.73,1.73
2013.01.15 12:11:13.920,1.58218,1.58247,1.73,1.73
2013.01.15 12:11:14.610,1.58218,1.58247,1.50,1.73
2013.01.15 12:11:16.300,1.58221,1.58247,1.50,1.73
2013.01.15 12:11:16.360,1.58221,1.58247,1.73,1.73
2013.01.15 12:11:16.682,1.58221,1.58247,1.50,1.73
2013.01.15 12:11:16.740,1.58218,1.58247,1.50,1.73
2013.01.15 12:11:17.021,1.5822,1.5825,1.73,2.48
2013.01.15 12:11:17.312,1.58221,1.5825,1.73,2.48
2013.01.15 12:11:19.064,1.58221,1.5825,1.50,2.48
2013.01.15 12:11:21.219,1.58221,1.5825,1.50,2.48
2013.01.15 12:11:22.140,1.58221,1.5825,1.73,2.48
2013.01.15 12:11:22.420,1.58218,1.58247,1.73,1.73
2013.01.15 12:11:22.480,1.58218,1.58247,1.73,1.73
2013.01.15 12:11:23.629,1.58218,1.5824,1.73,1.50
2013.01.15 12:11:24.189,1.58218,1.5824,1.50,1.73
2013.01.15 12:11:25.589,1.58218,1.58246,1.50,1.73
2013.01.15 12:11:27.090,1.58218,1.5824,1.50,1.73
2013.01.15 12:11:27.389,1.58218,1.58246,1.50,1.73
2013.01.15 12:11:29.009,1.5822,1.5825,1.73,2.48
2013.01.15 12:11:29.071,1.58221,1.5825,1.73,2.48
2013.01.15 12:11:30.240,1.58225,1.58239,1.50,1.50
2013.01.15 12:11:30.361,1.58221,1.5824,1.73,1.50
2013.01.15 12:11:30.420,1.58221,1.5824,1.50,1.73
2013.01.15 12:11:30.600,1.58219,1.58238,1.50,1.73
2013.01.15 12:11:30.829,1.58215,1.58238,1.50,1.73
2013.01.15 12:11:33.786,1.58215,1.58241,1.50,1.73
2013.01.15 12:11:33.933,1.58215,1.58241,1.50,1.73
2013.01.15 12:11:35.760,1.58215,1.5824,1.50,1.73
2013.01.15 12:11:36.099,1.58218,1.5824,1.13,1.73
2013.01.15 12:11:36.280,1.58232,1.58254,1.50,1.25
2013.01.15 12:11:36.819,1.58237,1.58266,1.50,1.73
2013.01.15 12:11:36.879,1.58237,1.58262,1.50,2.48
2013.01.15 12:11:36.939,1.58237,1.5826,1.50,1.43
2013.01.15 12:11:37.063,1.58228,1.58259,1.50,1.43
2013.01.15 12:11:37.250,1.58228,1.5826,1.73,2.70
2013.01.15 12:11:38.701,1.58228,1.58259,1.73,1.73
2013.01.15 12:11:41.001,1.58229,1.58253,1.73,1.50
2013.01.15 12:11:41.320,1.58226,1.58253,2.48,1.73
2013.01.15 12:11:41.441,1.58223,1.58253,2.48,2.48
2013.01.15 12:11:41.559,1.58221,1.5825,1.73,2.48
2013.01.15 12:11:41.740,1.58216,1.58248,2.48,1.73
2013.01.15 12:11:41.800,1.58219,1.58249,2.25,1.73
2013.01.15 12:11:42.219,1.58219,1.58246,2.48,1.50
2013.01.15 12:11:42.931,1.58225,1.58246,2.48,1.50
2013.01.15 12:11:43.567,1.58225,1.58253,2.48,1.73
2013.01.15 12:11:43.640,1.58228,1.58254,1.50,3.23
2013.01.15 12:11:43.700,1.58228,1.58254,1.73,3.23
2013.01.15 12:11:43.760,1.58225,1.58254,2.48,3.23
2013.01.15 12:11:45.131,1.58225,1.58254,2.48,3.23
2013.01.15 12:11:46.028,1.58226,1.58254,1.73,2.48
2013.01.15 12:11:46.425,1.5823,1.58247,1.50,1.50
2013.01.15 12:11:46.730,1.5823,1.58253,1.50,2.20
2013.01.15 12:11:46.917,1.5823,1.58253,1.50,1.73
2013.01.15 12:11:47.740,1.5823,1.58256,1.50,2.48
2013.01.15 12:11:47.970,1.5823,1.58256,1.73,1.73
2013.01.15 12:11:48.399,1.5823,1.58259,1.50,1.73
2013.01.15 12:11:49.599,1.5823,1.58253,1.50,1.73
2013.01.15 12:11:49.779,1.58224,1.5825,1.50,1.73
2013.01.15 12:11:52.700,1.58226,1.5825,1.50,1.73
2013.01.15 12:11:52.759,1.58234,1.58259,1.50,2.48
2013.01.15 12:11:53.306,1.58234,1.58259,1.50,1.73
2013.01.15 12:11:54.704,1.58236,1.58259,1.50,1.73
2013.01.15 12:11:56.712,1.58236,1.58264,1.73,1.73
2013.01.15 12:11:56.771,1.58238,1.58264,1.73,1.73
2013.01.15 12:11:57.132,1.58241,1.58263,1.50,2.25
2013.01.15 12:11:57.250,1.58234,1.58263,1.73,2.25
2013.01.15 12:11:57.349,1.58234,1.58259,1.73,1.50
2013.01.15 12:11:57.530,1.58234,1.58263,1.73,2.48
2013.01.15 12:11:57.670,1.58234,1.58263,1.73,2.48
2013.01.15 12:11:57.730,1.58234,1.5826,1.73,1.50
2013.01.15 12:11:58.353,1.58234,1.5826,1.50,1.73
2013.01.15 12:11:58.620,1.58234,1.58264,1.50,2.48
2013.01.15 12:11:58.859,1.58235,1.58265,2.48,3.23
2013.01.15 12:12:00.549,1.58235,1.58265,2.25,3.23
2013.01.15 12:12:01.040,1.58234,1.58259,1.50,1.73
2013.01.15 12:12:01.369,1.58234,1.58259,1.50,2.48
2013.01.15 12:12:01.689,1.58234,1.58257,1.50,1.73
2013.01.15 12:12:02.314,1.58234,1.58253,1.50,1.73
2013.01.15 12:12:02.789,1.58236,1.58258,1.50,1.73
2013.01.15 12:12:02.871,1.58235,1.58264,2.48,1.95
2013.01.15 12:12:02.954,1.58235,1.58264,2.48,1.95
2013.01.15 12:12:03.080,1.58241,1.58264,1.50,1.95
2013.01.15 12:12:03.870,1.58241,1.58264,1.50,2.70
2013.01.15 12:12:03.930,1.58241,1.58259,1.50,1.50
2013.01.15 12:12:04.290,1.58241,1.58259,1.50,1.73
2013.01.15 12:12:04.691,1.58235,1.58258,1.50,1.73
2013.01.15 12:12:04.750,1.58234,1.58258,1.50,2.48
2013.01.15 12:12:05.170,1.58235,1.58264,1.50,2.70
2013.01.15 12:12:05.302,1.58235,1.58261,1.73,1.20
2013.01.15 12:12:05.425,1.58239,1.58263,1.50,1.73
2013.01.15 12:12:09.875,1.58239,1.58264,1.73,1.73
2013.01.15 12:12:15.462,1.58239,1.58268,2.48,1.73
2013.01.15 12:12:16.070,1.58247,1.58268,1.50,1.73
2013.01.15 12:12:16.191,1.58241,1.5827,1.50,2.48
2013.01.15 12:12:16.310,1.58241,1.58269,1.50,1.73
2013.01.15 12:12:16.866,1.58249,1.5827,1.50,3.23
2013.01.15 12:12:17.270,1.58249,1.58271,1.50,3.23
2013.01.15 12:12:17.931,1.58249,1.58269,1.50,2.48
2013.01.15 12:12:18.004,1.58249,1.58269,1.50,2.48
2013.01.15 12:12:18.070,1.58242,1.58269,1.73,2.48
2013.01.15 12:12:19.580,1.58242,1.5827,1.50,2.48
2013.01.15 12:12:23.901,1.58242,1.58266,1.50,1.73
2013.01.15 12:12:27.631,1.58244,1.58266,1.50,1.73
2013.01.15 12:12:27.931,1.58247,1.58274,1.73,1.50
2013.01.15 12:12:28.451,1.58251,1.58278,1.73,1.73
2013.01.15 12:12:29.040,1.58251,1.58277,1.50,2.48
2013.01.15 12:12:30.122,1.58251,1.58274,1.50,1.73
2013.01.15 12:12:36.723,1.58251,1.58276,1.50,1.73
2013.01.15 12:12:37.230,1.58253,1.58282,1.73,1.73
2013.01.15 12:12:37.350,1.58253,1.58282,2.48,1.73
2013.01.15 12:12:37.902,1.58257,1.58283,1.50,3.23
2013.01.15 12:12:38.780,1.58258,1.58284,2.48,1.73
2013.01.15 12:12:38.841,1.58257,1.58283,1.50,2.48
2013.01.15 12:12:39.311,1.58261,1.58285,1.50,1.59
2013.01.15 12:12:39.834,1.58257,1.58283,1.50,2.48
2013.01.15 12:12:40.516,1.58256,1.58277,1.50,2.22
2013.01.15 12:12:40.583,1.58252,1.58277,1.50,2.22
2013.01.15 12:12:40.651,1.58252,1.58277,1.50,1.73
2013.01.15 12:12:43.201,1.58252,1.58271,1.50,1.73
2013.01.15 12:12:44.420,1.58252,1.58274,1.50,1.73
2013.01.15 12:12:49.841,1.58252,1.5828,1.50,1.73
2013.01.15 12:12:52.020,1.58252,1.58278,1.50,1.73
2013.01.15 12:12:52.380,1.58258,1.58282,2.25,1.59
2013.01.15 12:12:52.500,1.58252,1.58281,1.50,2.34
2013.01.15 12:12:52.560,1.58252,1.58281,1.50,1.73
2013.01.15 12:12:52.860,1.58254,1.58277,1.50,1.73
2013.01.15 12:12:52.980,1.58254,1.58281,1.50,1.73
2013.01.15 12:12:53.041,1.58254,1.58281,1.50,1.73
2013.01.15 12:12:54.063,1.58254,1.58278,1.50,1.73
2013.01.15 12:12:54.398,1.58252,1.58278,1.50,1.73
2013.01.15 12:12:55.151,1.58252,1.58275,1.50,1.73
2013.01.15 12:12:55.722,1.58252,1.58275,1.50,2.93
2013.01.15 12:12:55.783,1.58247,1.58274,1.50,1.43
2013.01.15 12:12:55.854,1.58243,1.58273,3.00,2.36
2013.01.15 12:12:55.981,1.58243,1.58265,1.50,1.73
2013.01.15 12:12:56.220,1.58239,1.58265,1.50,1.73
2013.01.15 12:12:57.303,1.58237,1.58265,2.25,2.13
2013.01.15 12:12:57.434,1.58231,1.58258,1.50,1.27
2013.01.15 12:12:57.810,1.58231,1.58252,1.50,1.47
2013.01.15 12:12:57.871,1.58231,1.58253,1.50,2.48
2013.01.15 12:12:59.181,1.58231,1.58253,1.50,1.34
2013.01.15 12:12:59.393,1.58231,1.58253,1.50,1.59
2013.01.15 12:12:59.743,1.58234,1.58256,1.50,2.48
2013.01.15 12:12:59.870,1.58234,1.58257,1.50,1.95
2013.01.15 12:13:00.911,1.58235,1.58263,2.25,1.73
2013.01.15 12:13:00.971,1.58237,1.58265,1.50,3.45
2013.01.15 12:13:01.302,1.58237,1.58257,1.50,1.73
2013.01.15 12:13:01.660,1.58232,1.58254,1.50,2.29
2013.01.15 12:13:01.901,1.58229,1.58254,1.50,2.29
2013.01.15 12:13:02.699,1.58229,1.58258,1.50,3.02
2013.01.15 12:13:03.230,1.58232,1.58254,1.50,3.27
2013.01.15 12:13:03.351,1.58232,1.58257,1.50,1.73
2013.01.15 12:13:03.471,1.58232,1.58259,1.50,1.34
2013.01.15 12:13:03.831,1.58229,1.58254,1.50,2.31
2013.01.15 12:13:04.632,1.58235,1.58259,2.25,2.54
2013.01.15 12:13:05.082,1.58237,1.58258,1.50,1.36
2013.01.15 12:13:05.172,1.58238,1.58263,2.25,1.56
2013.01.15 12:13:05.678,1.58236,1.58262,1.50,1.47
2013.01.15 12:13:05.803,1.58232,1.5826,1.50,2.48
2013.01.15 12:13:05.991,1.5823,1.58253,1.50,1.73
2013.01.15 12:13:06.740,1.58232,1.58261,3.00,1.73
2013.01.15 12:13:07.110,1.58234,1.58262,1.50,2.70
2013.01.15 12:13:07.234,1.58237,1.58262,1.50,1.73
2013.01.15 12:13:07.612,1.58238,1.58262,1.50,1.20
2013.01.15 12:13:09.085,1.58238,1.58259,1.50,1.20
2013.01.15 12:13:09.411,1.58238,1.58258,1.50,1.98
2013.01.15 12:13:09.530,1.58238,1.58258,1.50,1.73
2013.01.15 12:13:09.769,1.58233,1.58259,1.50,1.20
2013.01.15 12:13:10.012,1.58232,1.58259,1.50,1.47
2013.01.15 12:13:10.411,1.58231,1.58257,1.50,2.00
2013.01.15 12:13:10.551,1.58231,1.58257,1.50,2.48
2013.01.15 12:13:11.480,1.58231,1.5826,1.73,2.48
2013.01.15 12:13:11.609,1.58235,1.58262,1.50,1.73
2013.01.15 12:13:11.995,1.58235,1.58262,2.25,1.73
2013.01.15 12:13:12.541,1.58238,1.58261,1.50,1.20
2013.01.15 12:13:13.100,1.58238,1.58259,1.50,1.20
2013.01.15 12:13:15.581,1.5823,1.58259,1.73,1.73
2013.01.15 12:13:15.700,1.58235,1.58262,1.50,1.73
2013.01.15 12:13:16.294,1.58238,1.58263,1.50,1.73
2013.01.15 12:13:16.370,1.58238,1.58263,1.50,1.73
2013.01.15 12:13:17.125,1.58238,1.58263,1.50,1.73
2013.01.15 12:13:18.951,1.5823,1.58259,1.73,1.50
2013.01.15 12:13:19.201,1.5823,1.58257,1.73,1.50
2013.01.15 12:13:19.262,1.5823,1.58259,1.73,1.50
2013.01.15 12:13:19.321,1.5823,1.58259,1.50,1.73
2013.01.15 12:13:19.660,1.5823,1.58257,1.50,2.02
2013.01.15 12:13:20.720,1.58227,1.58255,1.50,1.73
2013.01.15 12:13:20.780,1.58226,1.58255,2.25,1.73
2013.01.15 12:13:20.841,1.58222,1.58254,3.98,2.48
2013.01.15 12:13:20.900,1.58222,1.58254,3.00,2.48
2013.01.15 12:13:24.881,1.58222,1.58251,1.50,1.73
2013.01.15 12:13:27.472,1.58222,1.58251,1.50,2.31
2013.01.15 12:13:29.271,1.58222,1.58254,3.23,3.23
2013.01.15 12:13:29.332,1.58226,1.58254,2.25,1.73
2013.01.15 12:13:29.793,1.58226,1.58255,3.00,2.43
2013.01.15 12:13:30.427,1.58224,1.58253,1.50,1.73
2013.01.15 12:13:31.892,1.58224,1.58251,1.50,1.73
2013.01.15 12:13:32.262,1.58224,1.58247,1.50,1.73
2013.01.15 12:13:33.932,1.58224,1.58248,1.50,1.20
2013.01.15 12:13:35.435,1.58224,1.58253,1.50,2.48
2013.01.15 12:13:35.621,1.58229,1.58255,1.50,2.22
2013.01.15 12:13:35.681,1.58229,1.58255,2.25,1.20
2013.01.15 12:13:35.801,1.58229,1.58255,1.50,1.20
2013.01.15 12:13:36.330,1.58229,1.58254,1.50,2.29
2013.01.15 12:13:36.743,1.58229,1.58254,1.50,1.73
2013.01.15 12:13:38.021,1.58232,1.58257,1.50,1.73
2013.01.15 12:13:38.693,1.58232,1.58257,1.50,1.73
2013.01.15 12:13:40.040,1.58232,1.58258,1.50,2.34
2013.01.15 12:13:41.001,1.58229,1.58258,1.50,2.29
2013.01.15 12:13:41.535,1.58229,1.58258,1.50,2.18
2013.01.15 12:13:42.792,1.58229,1.5826,1.50,4.20
2013.01.15 12:13:42.970,1.58232,1.5826,1.50,2.48
2013.01.15 12:13:45.911,1.58232,1.58258,1.50,2.13
2013.01.15 12:13:46.031,1.58232,1.58258,1.50,1.73
2013.01.15 12:13:49.641,1.58232,1.58259,1.50,1.73
2013.01.15 12:13:50.131,1.58229,1.58259,3.00,1.73
2013.01.15 12:13:51.430,1.58229,1.58259,3.23,1.73
2013.01.15 12:13:51.491,1.58236,1.58259,1.73,1.50
2013.01.15 12:13:52.284,1.58236,1.58265,1.73,3.23
2013.01.15 12:13:53.171,1.58236,1.58263,1.50,1.73
2013.01.15 12:13:55.150,1.58236,1.5826,1.50,1.73
2013.01.15 12:13:55.210,1.58236,1.5826,1.50,1.73
2013.01.15 12:13:56.929,1.58236,1.58263,1.50,1.73
2013.01.15 12:13:58.411,1.58233,1.58263,1.50,2.48
2013.01.15 12:13:58.634,1.58232,1.58262,2.48,1.73
2013.01.15 12:13:59.890,1.58233,1.58262,1.50,1.73
2013.01.15 12:14:00.673,1.5823,1.5826,1.50,2.48
2013.01.15 12:14:02.960,1.5823,1.58259,1.73,1.73
2013.01.15 12:14:03.080,1.58232,1.58262,1.50,2.34
2013.01.15 12:14:03.450,1.58232,1.58262,1.73,1.73
2013.01.15 12:14:08.175,1.58237,1.58264,1.50,3.23
2013.01.15 12:14:08.381,1.58237,1.5826,1.50,2.16
2013.01.15 12:14:08.852,1.58237,1.5826,1.50,1.73
2013.01.15 12:14:09.380,1.58237,1.58264,1.50,2.29
2013.01.15 12:14:10.191,1.58237,1.58266,2.25,1.73
2013.01.15 12:14:10.370,1.58241,1.58268,1.50,1.73
2013.01.15 12:14:10.433,1.58241,1.58268,1.50,1.73
2013.01.15 12:14:10.628,1.58241,1.58269,2.25,1.20
2013.01.15 12:14:11.081,1.5824,1.58269,1.50,2.70
2013.01.15 12:14:13.861,1.58243,1.58273,1.50,1.61
2013.01.15 12:14:14.163,1.58243,1.58274,1.50,1.73
2013.01.15 12:14:14.752,1.58249,1.58277,1.50,2.48
2013.01.15 12:14:16.593,1.58249,1.58273,1.50,1.27
2013.01.15 12:14:16.724,1.58247,1.58272,1.50,1.27
2013.01.15 12:14:17.339,1.58242,1.58269,1.50,1.73
2013.01.15 12:14:20.558,1.58239,1.58269,1.50,1.73
2013.01.15 12:14:20.682,1.58239,1.58269,1.50,1.73
2013.01.15 12:14:20.801,1.58243,1.5827,1.50,1.20
2013.01.15 12:14:20.920,1.58247,1.5827,1.50,1.20
2013.01.15 12:14:21.010,1.58247,1.5827,1.50,1.20
2013.01.15 12:14:21.131,1.58244,1.58273,1.50,1.73
2013.01.15 12:14:21.370,1.5824,1.58269,1.35,1.73
2013.01.15 12:14:21.431,1.58242,1.58269,1.50,1.73
2013.01.15 12:14:21.760,1.58239,1.58269,1.50,1.73
2013.01.15 12:14:21.821,1.58244,1.58273,1.50,1.73
2013.01.15 12:14:23.010,1.58246,1.58275,2.25,1.73
2013.01.15 12:14:23.143,1.58246,1.58277,3.00,1.95
2013.01.15 12:14:25.611,1.58253,1.58278,1.50,1.47
2013.01.15 12:14:25.868,1.58253,1.58279,1.50,1.95
2013.01.15 12:14:26.210,1.58253,1.58278,1.50,2.29
2013.01.15 12:14:26.270,1.58247,1.58277,2.25,2.48
2013.01.15 12:14:26.564,1.58252,1.58278,1.50,1.54
2013.01.15 12:14:26.691,1.58254,1.58283,1.50,2.70
2013.01.15 12:14:26.870,1.58254,1.58283,1.50,1.63
2013.01.15 12:14:27.229,1.58254,1.58281,1.50,1.73
2013.01.15 12:14:27.350,1.58255,1.58282,2.25,1.86
2013.01.15 12:14:27.469,1.58254,1.58283,1.50,2.48
2013.01.15 12:14:27.950,1.58254,1.58281,1.50,2.29
2013.01.15 12:14:29.266,1.58254,1.58281,1.50,1.73
2013.01.15 12:14:29.610,1.58254,1.58281,1.50,2.29
2013.01.15 12:14:29.730,1.58254,1.58281,1.50,1.73
2013.01.15 12:14:30.363,1.58254,1.58281,1.50,2.02
2013.01.15 12:14:37.480,1.58254,1.58283,1.50,1.73
2013.01.15 12:14:37.600,1.58254,1.58278,1.50,1.73
2013.01.15 12:14:38.616,1.58254,1.58278,1.50,1.73
2013.01.15 12:14:41.900,1.58249,1.58281,2.25,2.91
2013.01.15 12:14:48.012,1.58252,1.58281,1.50,1.41
2013.01.15 12:14:48.132,1.58247,1.58277,3.75,1.73
2013.01.15 12:14:48.706,1.58249,1.58277,1.50,1.73
2013.01.15 12:14:49.304,1.58249,1.58279,3.00,1.20
2013.01.15 12:14:50.123,1.58247,1.58277,3.00,1.73
2013.01.15 12:14:51.431,1.58247,1.58272,3.00,1.20
2013.01.15 12:14:51.550,1.58242,1.58271,1.13,1.73
2013.01.15 12:14:51.679,1.5824,1.58269,1.50,2.09
2013.01.15 12:14:52.574,1.5824,1.58269,1.50,2.09
2013.01.15 12:14:53.260,1.58242,1.5827,1.50,1.56
2013.01.15 12:14:53.380,1.58242,1.5827,1.50,1.20
2013.01.15 12:14:53.441,1.58248,1.5827,1.50,1.20
2013.01.15 12:14:54.013,1.58248,1.5827,1.50,1.20
2013.01.15 12:14:54.624,1.58256,1.58276,1.50,1.43
2013.01.15 12:14:55.173,1.58256,1.58285,3.00,1.73
2013.01.15 12:14:55.662,1.58257,1.58281,1.50,2.04
2013.01.15 12:14:57.500,1.58257,1.58281,1.50,1.73
2013.01.15 12:14:57.560,1.58259,1.58287,1.50,1.23
2013.01.15 12:14:57.620,1.58259,1.58288,1.50,1.73
2013.01.15 12:14:57.800,1.58257,1.58286,1.50,1.73
2013.01.15 12:14:58.229,1.58256,1.58277,1.73,1.50
2013.01.15 12:14:58.731,1.5825,1.5828,2.25,2.48
2013.01.15 12:14:58.850,1.58251,1.5828,1.50,2.48
2013.01.15 12:14:59.491,1.5825,1.5828,2.25,2.48
2013.01.15 12:14:59.563,1.5825,1.5828,2.48,2.48
2013.01.15 12:14:59.691,1.58249,1.58277,1.73,1.73
2013.01.15 12:15:04.282,1.58249,1.58277,1.50,1.73
2013.01.15 12:15:06.370,1.58249,1.58277,1.50,1.73
2013.01.15 12:15:07.053,1.58247,1.58272,1.50,1.73
2013.01.15 12:15:07.120,1.58245,1.58272,1.13,1.73
2013.01.15 12:15:07.860,1.58244,1.58274,1.13,1.73
2013.01.15 12:15:08.489,1.58244,1.58274,1.35,1.73
2013.01.15 12:15:09.046,1.58246,1.58274,1.50,1.73
2013.01.15 12:15:09.240,1.58246,1.58274,1.73,1.73
2013.01.15 12:15:09.830,1.58249,1.58278,1.73,2.48
2013.01.15 12:15:10.811,1.58249,1.58278,1.73,2.48
2013.01.15 12:15:17.301,1.58244,1.58274,1.73,1.73
2013.01.15 12:15:18.020,1.58247,1.58274,1.73,2.25
2013.01.15 12:15:18.605,1.58249,1.58274,1.73,2.25
2013.01.15 12:15:18.678,1.58249,1.58274,2.48,1.50
2013.01.15 12:15:18.827,1.58249,1.58281,3.23,2.48
2013.01.15 12:15:19.070,1.58253,1.58283,1.73,3.98
2013.01.15 12:15:20.005,1.58257,1.58286,1.73,2.48
2013.01.15 12:15:22.421,1.58257,1.58283,1.50,2.48
2013.01.15 12:15:24.360,1.58253,1.58283,2.48,3.23
2013.01.15 12:15:24.421,1.58253,1.58283,1.73,3.98
2013.01.15 12:15:24.480,1.58253,1.58283,1.73,3.98
2013.01.15 12:15:24.720,1.58249,1.58277,1.73,1.73
2013.01.15 12:15:24.901,1.58249,1.58281,2.48,3.23
2013.01.15 12:15:26.750,1.5825,1.58281,1.73,3.23
2013.01.15 12:15:27.521,1.58249,1.58274,1.73,1.73
2013.01.15 12:15:28.111,1.58246,1.58274,1.73,1.50
2013.01.15 12:15:30.752,1.5825,1.58274,1.50,1.73
2013.01.15 12:15:30.811,1.58244,1.58274,2.48,3.23
2013.01.15 12:15:30.930,1.58242,1.58271,1.73,1.50
2013.01.15 12:15:31.523,1.58241,1.5827,1.73,1.50
2013.01.15 12:15:31.597,1.58244,1.5827,1.50,1.73
2013.01.15 12:15:31.720,1.58247,1.5827,1.50,1.73
2013.01.15 12:15:31.841,1.58249,1.58276,1.50,1.73
2013.01.15 12:15:31.901,1.58249,1.58276,1.73,1.73
2013.01.15 12:15:32.213,1.58249,1.58276,1.73,1.50
2013.01.15 12:15:32.790,1.58253,1.58279,1.73,1.95
2013.01.15 12:15:32.850,1.58253,1.58279,1.73,1.20
2013.01.15 12:15:33.363,1.58253,1.58282,1.73,1.73
2013.01.15 12:15:36.710,1.58256,1.58287,1.73,3.23
2013.01.15 12:15:38.763,1.58256,1.58281,1.50,1.73
2013.01.15 12:15:39.071,1.58247,1.58274,1.73,1.50
2013.01.15 12:15:39.439,1.58247,1.58274,1.73,1.73
2013.01.15 12:15:39.840,1.58243,1.58274,2.48,1.73
2013.01.15 12:15:41.791,1.58246,1.58274,1.50,1.73
2013.01.15 12:15:42.211,1.58246,1.58274,1.73,1.73
2013.01.15 12:15:44.111,1.58247,1.58274,1.50,1.73
2013.01.15 12:15:45.074,1.58247,1.58274,1.50,1.73
2013.01.15 12:15:45.658,1.58247,1.58274,1.50,1.73
2013.01.15 12:15:54.032,1.58247,1.58271,1.50,1.73
2013.01.15 12:15:54.713,1.58247,1.58269,1.50,1.73
2013.01.15 12:15:55.323,1.58247,1.58272,1.50,1.73
2013.01.15 12:15:56.101,1.58247,1.58272,1.50,1.73
2013.01.15 12:16:00.181,1.58247,1.58274,1.50,2.48
2013.01.15 12:16:01.440,1.58247,1.58274,2.25,1.73
2013.01.15 12:16:01.560,1.58247,1.58271,1.50,1.73
2013.01.15 12:16:01.620,1.58241,1.58271,2.48,1.73
2013.01.15 12:16:01.741,1.5824,1.58269,1.50,1.73
2013.01.15 12:16:02.086,1.58243,1.58269,1.50,1.73
2013.01.15 12:16:02.330,1.58237,1.58269,2.48,2.40
2013.01.15 12:16:02.390,1.58237,1.58268,1.73,1.65
2013.01.15 12:16:02.674,1.58235,1.58265,3.23,1.65
2013.01.15 12:16:02.987,1.58235,1.58264,1.50,1.65
2013.01.15 12:16:03.511,1.58231,1.58258,3.38,1.65
2013.01.15 12:16:03.901,1.58231,1.58257,3.38,1.73
2013.01.15 12:16:04.080,1.58231,1.58257,2.63,1.73
2013.01.15 12:16:04.992,1.58229,1.58257,1.50,1.73
2013.01.15 12:16:05.118,1.58226,1.58257,3.23,1.73
2013.01.15 12:16:05.811,1.58222,1.5825,2.10,3.23
2013.01.15 12:16:05.932,1.58223,1.5825,1.50,3.23
2013.01.15 12:16:06.050,1.58219,1.5825,2.10,3.23
2013.01.15 12:16:06.171,1.58222,1.58251,1.50,1.73
2013.01.15 12:16:06.231,1.58222,1.58251,1.50,1.73
2013.01.15 12:16:06.700,1.58217,1.5825,1.73,3.23
2013.01.15 12:16:09.251,1.58218,1.58249,1.50,2.48
2013.01.15 12:16:09.858,1.58218,1.5825,1.73,3.23
2013.01.15 12:16:10.474,1.58217,1.58247,3.98,1.73
2013.01.15 12:16:14.311,1.58217,1.58244,1.50,2.48
2013.01.15 12:16:15.063,1.58214,1.58244,1.73,3.23
2013.01.15 12:16:15.251,1.58216,1.58244,1.50,1.73
2013.01.15 12:16:15.790,1.58216,1.58245,2.25,1.73
2013.01.15 12:16:17.211,1.58216,1.58242,2.25,2.48
2013.01.15 12:16:17.761,1.58216,1.58245,2.25,1.73
2013.01.15 12:16:18.231,1.58216,1.58238,2.25,2.25
2013.01.15 12:16:18.352,1.58216,1.58242,2.25,1.73
2013.01.15 12:16:18.470,1.58216,1.58242,1.50,1.73
2013.01.15 12:16:19.135,1.58216,1.58238,1.50,1.73
2013.01.15 12:16:19.362,1.58217,1.58238,1.50,1.73
2013.01.15 12:16:20.130,1.58217,1.58244,1.50,1.73
2013.01.15 12:16:20.901,1.58216,1.58243,1.50,2.48
2013.01.15 12:16:21.930,1.58216,1.58244,1.50,2.48
2013.01.15 12:16:23.340,1.58217,1.58248,1.73,1.73
2013.01.15 12:16:24.357,1.58216,1.58238,2.25,1.50
2013.01.15 12:16:24.421,1.58216,1.58243,2.25,1.73
2013.01.15 12:16:24.980,1.58216,1.58245,2.25,1.73
2013.01.15 12:16:25.509,1.58216,1.58242,2.25,1.73
2013.01.15 12:16:25.631,1.58216,1.58239,2.25,1.73
2013.01.15 12:16:26.200,1.58216,1.58239,1.50,1.73
2013.01.15 12:16:26.320,1.58216,1.58245,1.50,2.48
2013.01.15 12:16:26.501,1.58216,1.58245,1.50,3.23
2013.01.15 12:16:26.821,1.58213,1.58236,1.50,1.50
2013.01.15 12:16:26.880,1.58211,1.58236,1.73,1.50
2013.01.15 12:16:27.041,1.58211,1.58236,1.50,1.73
2013.01.15 12:16:28.151,1.58211,1.58231,1.50,2.48
2013.01.15 12:16:28.570,1.58211,1.58231,1.50,2.48
2013.01.15 12:16:28.692,1.58205,1.58231,1.50,2.48
2013.01.15 12:16:29.324,1.58199,1.58227,1.50,2.48
2013.01.15 12:16:29.683,1.58199,1.58224,1.50,1.73
2013.01.15 12:16:29.951,1.58199,1.58224,1.50,1.73
2013.01.15 12:16:30.070,1.58199,1.58225,1.50,1.73
2013.01.15 12:16:30.632,1.58201,1.58224,1.50,2.48
2013.01.15 12:16:30.691,1.58201,1.58224,1.73,2.48
2013.01.15 12:16:30.751,1.58206,1.5823,2.25,1.20
2013.01.15 12:16:31.054,1.58206,1.5823,1.50,1.47
2013.01.15 12:16:31.181,1.58206,1.58231,1.50,1.20
2013.01.15 12:16:31.943,1.58206,1.58228,1.50,1.73
2013.01.15 12:16:32.491,1.58206,1.58227,1.50,1.73
2013.01.15 12:16:37.762,1.58206,1.58227,3.23,1.50
2013.01.15 12:16:37.821,1.58208,1.58227,1.50,1.50
2013.01.15 12:16:38.131,1.58214,1.58227,1.50,1.50
2013.01.15 12:16:38.312,1.58207,1.58227,1.73,1.50
2013.01.15 12:16:38.521,1.58213,1.58227,1.50,1.50
2013.01.15 12:16:38.886,1.58218,1.58227,1.73,1.50
2013.01.15 12:16:39.219,1.58218,1.58228,1.73,1.50
2013.01.15 12:16:39.601,1.58224,1.58248,1.50,2.48
2013.01.15 12:16:39.985,1.58224,1.5825,1.73,1.20
2013.01.15 12:16:40.170,1.58227,1.58254,1.50,2.48
2013.01.15 12:16:40.231,1.58227,1.58254,1.73,2.48
2013.01.15 12:16:40.291,1.58229,1.58254,1.50,2.48
2013.01.15 12:16:40.878,1.58229,1.58252,1.73,1.50
2013.01.15 12:16:41.062,1.58232,1.58254,1.73,1.50
2013.01.15 12:16:41.413,1.58229,1.58254,1.73,1.50
2013.01.15 12:16:41.651,1.5822,1.58252,2.48,2.48
2013.01.15 12:16:42.240,1.58223,1.58252,1.50,2.48
2013.01.15 12:16:42.361,1.58228,1.58252,1.50,2.48
2013.01.15 12:16:42.448,1.5822,1.58252,2.48,2.48
2013.01.15 12:16:42.660,1.58227,1.58253,1.50,1.73
2013.01.15 12:16:42.752,1.58227,1.58253,1.50,1.73
2013.01.15 12:16:42.941,1.58226,1.58252,1.73,1.73
2013.01.15 12:16:43.311,1.58222,1.58254,2.48,3.98
2013.01.15 12:16:43.611,1.58222,1.58254,2.48,3.98
2013.01.15 12:16:43.670,1.58222,1.58246,1.73,1.50
2013.01.15 12:16:43.733,1.58219,1.58246,2.48,1.73
2013.01.15 12:16:45.610,1.58219,1.58245,2.48,1.50
2013.01.15 12:16:45.850,1.58217,1.58245,1.73,1.73
2013.01.15 12:16:47.430,1.58217,1.58245,1.73,1.73
2013.01.15 12:16:47.553,1.58213,1.58236,1.50,2.25
2013.01.15 12:16:48.123,1.58213,1.58242,1.50,1.73
2013.01.15 12:16:48.535,1.58214,1.58244,2.48,2.48
2013.01.15 12:16:48.940,1.58214,1.58236,1.73,1.50
2013.01.15 12:16:49.360,1.5822,1.58244,2.25,1.52
2013.01.15 12:16:49.439,1.5822,1.58246,2.48,1.50
2013.01.15 12:16:51.202,1.58222,1.58245,1.73,1.50
2013.01.15 12:16:51.301,1.58222,1.58245,1.50,1.73
2013.01.15 12:16:51.361,1.58216,1.58245,1.73,1.73
2013.01.15 12:16:51.421,1.58222,1.58245,1.50,1.73
2013.01.15 12:16:51.851,1.58219,1.58247,1.50,2.48
2013.01.15 12:16:52.092,1.58217,1.58244,1.50,1.73
2013.01.15 12:16:52.213,1.58213,1.58242,1.13,1.73
2013.01.15 12:16:52.712,1.58213,1.58242,1.13,2.48
2013.01.15 12:16:54.120,1.58212,1.58242,3.38,2.48
2013.01.15 12:16:57.931,1.58212,1.58242,3.00,1.73
2013.01.15 12:16:58.111,1.58213,1.58244,2.48,1.73
2013.01.15 12:16:58.431,1.58218,1.58248,1.73,2.48
2013.01.15 12:17:00.771,1.58218,1.58244,1.73,2.48
2013.01.15 12:17:01.303,1.58213,1.58243,1.73,2.48
2013.01.15 12:17:01.503,1.58213,1.58243,1.50,1.73
2013.01.15 12:17:01.891,1.58214,1.58243,1.50,1.73
2013.01.15 12:17:01.950,1.58213,1.58243,1.50,1.73
2013.01.15 12:17:02.335,1.58213,1.58243,1.50,2.48
2013.01.15 12:17:05.191,1.58214,1.58239,1.50,1.73
2013.01.15 12:17:05.311,1.58214,1.58239,1.73,1.50
2013.01.15 12:17:05.781,1.58214,1.58236,1.73,1.50
2013.01.15 12:17:06.131,1.58214,1.58233,1.73,1.50
2013.01.15 12:17:06.803,1.58214,1.58233,1.50,1.50
2013.01.15 12:17:07.250,1.58213,1.58233,1.50,2.25
2013.01.15 12:17:07.792,1.58213,1.58233,1.50,3.00
2013.01.15 12:17:10.301,1.58213,1.58236,1.73,2.25
2013.01.15 12:17:10.600,1.58214,1.58238,1.73,1.50
2013.01.15 12:17:10.660,1.58214,1.58238,1.73,1.50
2013.01.15 12:17:10.851,1.58214,1.58243,1.73,1.50
2013.01.15 12:17:11.180,1.58214,1.58239,1.73,1.50
2013.01.15 12:17:11.600,1.58214,1.58242,1.73,1.50
2013.01.15 12:17:11.660,1.58214,1.58242,1.73,1.50
2013.01.15 12:17:11.731,1.58214,1.58242,1.73,1.50
2013.01.15 12:17:13.271,1.58219,1.58245,1.73,2.25
2013.01.15 12:17:13.828,1.5822,1.58245,1.73,1.50
2013.01.15 12:17:14.358,1.5822,1.58245,1.73,1.50
2013.01.15 12:17:15.411,1.58219,1.58245,1.73,2.25
2013.01.15 12:17:16.669,1.58219,1.58245,1.73,2.25
2013.01.15 12:17:20.570,1.5822,1.58245,1.73,1.50
2013.01.15 12:17:22.521,1.58219,1.58245,1.73,2.25
2013.01.15 12:17:23.071,1.58219,1.58242,1.73,1.50
2013.01.15 12:17:24.302,1.5822,1.58242,1.73,1.50
2013.01.15 12:17:24.371,1.5822,1.58247,1.73,1.50
2013.01.15 12:17:24.492,1.58224,1.58252,1.73,1.50
2013.01.15 12:17:24.614,1.58227,1.58253,1.73,2.25
2013.01.15 12:17:25.570,1.58227,1.58253,1.73,1.50
2013.01.15 12:17:27.343,1.5823,1.58257,1.73,2.25
2013.01.15 12:17:27.761,1.58234,1.5826,1.73,1.50
2013.01.15 12:17:27.940,1.58235,1.58264,4.20,1.73
2013.01.15 12:17:28.000,1.58238,1.58264,1.45,1.50
2013.01.15 12:17:28.550,1.58241,1.58271,1.73,1.50
2013.01.15 12:17:31.083,1.58241,1.5827,1.73,2.25
2013.01.15 12:17:32.545,1.58245,1.58272,1.73,1.50
2013.01.15 12:17:32.846,1.58246,1.58276,2.22,1.50
2013.01.15 12:17:33.341,1.58241,1.58269,1.73,2.25
2013.01.15 12:17:33.491,1.5824,1.58269,2.48,2.25
2013.01.15 12:17:34.108,1.5824,1.58266,1.73,2.25
2013.01.15 12:17:35.254,1.5824,1.58266,1.73,2.25
2013.01.15 12:17:35.322,1.5824,1.5827,1.73,3.00
2013.01.15 12:17:35.780,1.58248,1.58275,1.73,2.25
2013.01.15 12:17:35.970,1.58248,1.58275,1.73,2.25
2013.01.15 12:17:36.150,1.58248,1.58272,1.73,1.50
2013.01.15 12:17:36.331,1.58248,1.58272,1.73,2.25
2013.01.15 12:17:36.392,1.58248,1.58268,1.73,2.25
2013.01.15 12:17:39.522,1.58242,1.58271,1.43,3.00
2013.01.15 12:17:39.641,1.58242,1.58269,1.73,2.25
2013.01.15 12:17:43.751,1.58242,1.58269,1.50,2.48
2013.01.15 12:17:43.870,1.58239,1.58269,1.50,2.48
2013.01.15 12:17:44.260,1.58248,1.58269,1.50,1.73
2013.01.15 12:17:48.293,1.58248,1.58269,1.50,1.73
2013.01.15 12:17:48.896,1.58248,1.5826,1.50,1.73
2013.01.15 12:17:49.211,1.58245,1.58258,1.50,1.73
2013.01.15 12:17:49.618,1.58243,1.58263,1.50,3.10
2013.01.15 12:17:49.681,1.58243,1.58263,1.50,2.48
2013.01.15 12:17:49.926,1.58244,1.58269,1.50,3.45
2013.01.15 12:17:50.161,1.58247,1.58269,1.50,3.45
2013.01.15 12:17:51.041,1.58247,1.58266,1.50,1.20
2013.01.15 12:17:51.550,1.58247,1.58272,1.50,1.73
2013.01.15 12:17:52.651,1.58247,1.5827,1.50,1.73
2013.01.15 12:17:58.440,1.58247,1.5827,1.50,1.73
2013.01.15 12:17:59.011,1.58256,1.58273,1.50,2.48
2013.01.15 12:18:00.963,1.58256,1.58266,1.50,2.48
2013.01.15 12:18:01.411,1.58255,1.58266,1.50,2.48
2013.01.15 12:18:03.501,1.58249,1.58266,1.50,2.48
2013.01.15 12:18:04.040,1.58249,1.58266,1.50,2.48
2013.01.15 12:18:05.971,1.58251,1.58271,2.25,1.38
2013.01.15 12:18:06.094,1.58252,1.58273,1.50,1.50
2013.01.15 12:18:06.161,1.58253,1.58284,1.50,2.48
2013.01.15 12:18:06.400,1.5826,1.58276,1.50,1.73
2013.01.15 12:18:06.940,1.5826,1.58291,1.50,1.52
2013.01.15 12:18:07.121,1.58262,1.58293,3.00,2.48
2013.01.15 12:18:07.180,1.58263,1.58293,1.50,1.73
2013.01.15 12:18:07.530,1.58267,1.58299,1.50,1.73
2013.01.15 12:18:08.501,1.58267,1.58301,1.73,1.73
2013.01.15 12:18:08.741,1.58269,1.58301,1.73,1.50
2013.01.15 12:18:09.102,1.58283,1.58307,1.50,1.73
2013.01.15 12:18:09.839,1.58283,1.58307,1.50,1.73
2013.01.15 12:18:12.341,1.58283,1.58308,1.50,1.23
2013.01.15 12:18:14.003,1.58283,1.58312,1.50,2.22
2013.01.15 12:18:14.492,1.58275,1.58307,1.73,1.73
2013.01.15 12:18:15.271,1.58272,1.58303,2.48,2.25
2013.01.15 12:18:16.177,1.58275,1.583,2.48,1.50
2013.01.15 12:18:16.302,1.58269,1.583,2.48,1.73
2013.01.15 12:18:32.722,1.5827,1.583,2.48,3.23
2013.01.15 12:18:33.020,1.58263,1.58293,3.23,1.73
2013.01.15 12:18:35.020,1.58263,1.58291,1.73,2.48
2013.01.15 12:18:35.204,1.58255,1.58285,3.23,2.25
2013.01.15 12:18:35.272,1.58255,1.58285,3.70,2.25
2013.01.15 12:18:35.451,1.5826,1.58287,1.73,1.73
2013.01.15 12:18:35.570,1.5826,1.58287,1.73,1.73
2013.01.15 12:18:42.145,1.5826,1.58288,1.73,1.73
2013.01.15 12:18:42.330,1.58266,1.58294,1.73,1.73
2013.01.15 12:18:42.391,1.5827,1.58294,1.50,1.73
2013.01.15 12:18:42.752,1.58267,1.58294,1.73,1.50
2013.01.15 12:18:42.990,1.58262,1.58294,2.48,3.23
2013.01.15 12:18:43.170,1.58262,1.58294,2.48,3.23
2013.01.15 12:18:43.594,1.58269,1.58293,1.50,2.48
2013.01.15 12:18:43.661,1.58269,1.58293,1.50,1.73
2013.01.15 12:18:43.720,1.58269,1.58293,1.73,1.50
2013.01.15 12:18:43.840,1.58269,1.58293,1.50,1.73
2013.01.15 12:18:45.450,1.58263,1.58293,2.48,2.48
2013.01.15 12:18:45.851,1.58263,1.58293,2.48,3.23
2013.01.15 12:18:46.271,1.58262,1.58286,1.50,2.48
2013.01.15 12:18:46.391,1.58254,1.58284,1.50,1.73
2013.01.15 12:18:49.410,1.58253,1.58282,1.73,1.73
2013.01.15 12:18:50.363,1.58255,1.58284,1.73,1.73
2013.01.15 12:18:53.980,1.58255,1.58285,1.73,2.48
2013.01.15 12:18:54.492,1.5826,1.58285,1.73,2.25
2013.01.15 12:18:55.952,1.5826,1.58286,1.50,2.48
2013.01.15 12:18:56.753,1.5826,1.58286,1.50,2.48
2013.01.15 12:18:56.870,1.58255,1.58281,1.50,1.73
2013.01.15 12:18:57.130,1.58253,1.58281,1.50,1.73
2013.01.15 12:18:57.521,1.58255,1.58285,1.73,3.23
2013.01.15 12:18:58.131,1.58261,1.58285,1.50,2.48
2013.01.15 12:18:58.482,1.58261,1.58288,1.50,2.48
2013.01.15 12:18:58.987,1.58261,1.58288,1.50,2.48
2013.01.15 12:18:59.490,1.58261,1.58288,1.50,1.73
2013.01.15 12:19:00.211,1.58261,1.58288,1.50,2.48
2013.01.15 12:19:00.351,1.58261,1.58285,1.50,2.48
2013.01.15 12:19:01.761,1.58264,1.58291,1.50,1.34
2013.01.15 12:19:01.821,1.58264,1.58293,1.73,2.48
2013.01.15 12:19:01.940,1.58271,1.58293,2.25,2.48
2013.01.15 12:19:02.241,1.58272,1.583,1.73,1.73
2013.01.15 12:19:04.352,1.58273,1.58304,2.48,3.98
2013.01.15 12:19:04.411,1.58281,1.58304,1.50,2.48
2013.01.15 12:19:04.744,1.58275,1.58304,2.36,2.25
2013.01.15 12:19:04.872,1.58272,1.58301,3.23,1.73
2013.01.15 12:19:05.251,1.58269,1.58301,3.23,3.23
2013.01.15 12:19:06.191,1.58269,1.58296,1.73,1.50
2013.01.15 12:19:07.443,1.58273,1.58296,2.25,1.50
2013.01.15 12:19:07.803,1.58273,1.58296,2.48,1.50
2013.01.15 12:19:09.050,1.58273,1.58303,3.23,1.73
2013.01.15 12:19:09.930,1.58273,1.58303,3.23,1.73
2013.01.15 12:19:10.411,1.58276,1.58304,1.73,2.48
2013.01.15 12:19:11.281,1.58276,1.583,1.73,2.48
2013.01.15 12:19:11.480,1.5827,1.583,3.23,2.48
2013.01.15 12:19:12.480,1.5827,1.583,3.23,2.48
2013.01.15 12:19:13.291,1.5827,1.583,3.23,1.73
2013.01.15 12:19:13.900,1.5827,1.58299,1.73,2.48
2013.01.15 12:19:14.461,1.58272,1.58303,2.48,1.73
2013.01.15 12:19:16.161,1.58272,1.58302,2.48,1.73
2013.01.15 12:19:16.360,1.58272,1.58303,2.48,1.73
2013.01.15 12:19:21.211,1.58272,1.58302,2.48,1.73
2013.01.15 12:19:21.291,1.58272,1.58296,2.48,1.50
2013.01.15 12:19:22.613,1.58272,1.58296,2.48,1.50
2013.01.15 12:19:36.061,1.5827,1.58295,1.50,1.73
2013.01.15 12:19:36.456,1.5827,1.58295,1.73,1.50
2013.01.15 12:19:37.809,1.5827,1.58295,2.48,1.50
2013.01.15 12:19:38.176,1.5827,1.58299,1.73,1.73
2013.01.15 12:19:38.242,1.5827,1.583,1.73,2.25
2013.01.15 12:19:38.360,1.5827,1.583,1.73,2.48
2013.01.15 12:19:39.466,1.5827,1.583,1.73,2.48
2013.01.15 12:19:40.041,1.58273,1.58302,2.48,1.50
2013.01.15 12:19:40.435,1.58273,1.58293,2.48,1.50
2013.01.15 12:19:40.720,1.58269,1.58293,1.73,1.50
2013.01.15 12:19:41.093,1.58269,1.58293,1.73,1.50
2013.01.15 12:19:42.614,1.58267,1.58293,2.48,1.73
2013.01.15 12:19:43.180,1.58267,1.58293,2.48,1.50
2013.01.15 12:19:44.264,1.58269,1.58293,1.73,1.50
2013.01.15 12:19:47.130,1.58269,1.58293,1.50,2.48
2013.01.15 12:19:47.191,1.5826,1.58287,1.73,1.50
2013.01.15 12:19:47.531,1.5826,1.58285,1.73,1.50
2013.01.15 12:19:49.151,1.5826,1.58287,1.73,1.50
2013.01.15 12:19:50.692,1.5826,1.58285,1.73,1.50
2013.01.15 12:19:51.843,1.5826,1.58284,1.73,1.50
2013.01.15 12:19:52.211,1.5826,1.5828,1.73,1.50
2013.01.15 12:19:55.611,1.5826,1.58277,1.73,1.50
2013.01.15 12:19:55.670,1.5825,1.58277,2.48,1.50
2013.01.15 12:19:56.802,1.5825,1.58277,2.48,1.50
2013.01.15 12:19:57.311,1.5825,1.58268,2.25,3.00
2013.01.15 12:19:57.430,1.58237,1.58268,1.73,3.23
2013.01.15 12:19:58.110,1.58231,1.5826,1.73,1.50
2013.01.15 12:19:58.633,1.58231,1.5826,1.35,1.50
2013.01.15 12:19:59.281,1.58231,1.5826,1.96,1.50
2013.01.15 12:20:00.432,1.58237,1.58268,1.73,1.73
2013.01.15 12:20:00.940,1.58237,1.58268,1.73,1.73
2013.01.15 12:20:01.244,1.58244,1.58274,1.50,1.73
2013.01.15 12:20:02.492,1.58244,1.58274,1.73,1.73
2013.01.15 12:20:03.371,1.58244,1.58274,1.73,1.73
2013.01.15 12:20:03.430,1.58244,1.58274,1.50,2.38
2013.01.15 12:20:03.491,1.58237,1.58273,3.23,1.73
2013.01.15 12:20:03.551,1.58237,1.58269,1.73,1.73
2013.01.15 12:20:04.222,1.58237,1.58269,1.73,1.73
2013.01.15 12:20:04.833,1.58236,1.58268,1.73,2.48
2013.01.15 12:20:05.543,1.58236,1.58268,1.73,2.48
2013.01.15 12:20:11.681,1.58236,1.58265,1.73,1.73
2013.01.15 12:20:12.144,1.58236,1.58265,2.48,3.23
2013.01.15 12:20:16.263,1.58236,1.58265,2.48,2.48
2013.01.15 12:20:19.002,1.58236,1.58263,2.48,1.73
2013.01.15 12:20:19.991,1.58233,1.58262,1.73,1.73
2013.01.15 12:20:24.033,1.58231,1.58258,1.73,1.73
2013.01.15 12:20:24.152,1.58228,1.58258,1.73,1.73
2013.01.15 12:20:26.680,1.58231,1.58258,1.56,2.25
2013.01.15 12:20:27.021,1.58237,1.58266,1.23,2.25
2013.01.15 12:20:28.603,1.58235,1.58266,2.70,2.48
2013.01.15 12:20:30.431,1.58235,1.58258,1.73,1.50
2013.01.15 12:20:30.491,1.58235,1.58258,1.50,1.73
2013.01.15 12:20:30.741,1.58227,1.58258,1.73,2.48
2013.01.15 12:20:31.051,1.58227,1.58254,1.73,1.73
2013.01.15 12:20:31.981,1.58226,1.58254,1.73,2.48
2013.01.15 12:20:32.280,1.58215,1.58244,1.73,3.23
2013.01.15 12:20:32.461,1.58221,1.58244,1.73,2.25
2013.01.15 12:20:32.662,1.58222,1.58253,3.23,1.73
2013.01.15 12:20:33.370,1.58222,1.58252,1.73,2.48
2013.01.15 12:20:33.682,1.58227,1.58257,1.50,2.48
2013.01.15 12:20:34.731,1.58226,1.58252,1.73,2.48
