2016.11.17 05:00:00.182,1.50674,1.50699,1.00,1.00
2016.11.17 05:00:00.283,1.50675,1.50702,1.00,1.00
2016.11.17 05:00:00.384,1.50684,1.50702,1.00,1.00
2016.11.17 05:00:00.948,1.50683,1.50702,1.00,1.00
2016.11.17 05:00:01.789,1.50684,1.50702,1.00,1.00
2016.11.17 05:00:04.777,1.50684,1.50703,1.00,1.00
2016.11.17 05:00:05.646,1.50683,1.50703,1.00,1.00
2016.11.17 05:00:11.452,1.50684,1.50703,1.00,1.00
2016.11.17 05:00:11.696,1.50684,1.50706,1.00,1.00
2016.11.17 05:00:11.800,1.50684,1.50708,1.00,1.00
2016.11.17 05:00:12.338,1.50684,1.50705,1.00,1.00
2016.11.17 05:00:13.391,1.50684,1.50704,1.00,1.00
2016.11.17 05:00:16.997,1.50684,1.50707,1.00,1.00
2016.11.17 05:00:23.831,1.50684,1.50708,1.00,1.00
2016.11.17 05:00:24.082,1.50679,1.50708,1.50,1.00
2016.11.17 05:00:24.210,1.50682,1.50708,1.00,1.00
2016.11.17 05:00:24.636,1.50684,1.50708,1.00,1.00
2016.11.17 05:00:27.216,1.50683,1.50708,1.50,1.00
2016.11.17 05:00:28.436,1.50684,1.50708,1.00,1.00
2016.11.17 05:00:29.063,1.50684,1.50709,1.00,1.00
2016.11.17 05:00:34.389,1.50693,1.50709,1.00,1.00
2016.11.17 05:00:34.505,1.50683,1.50709,1.00,1.00
2016.11.17 05:00:35.136,1.50684,1.50709,1.00,1.00
2016.11.17 05:00:36.439,1.50684,1.5071,1.00,1.00
2016.11.17 05:00:36.982,1.50683,1.5071,1.00,1.00
2016.11.17 05:00:40.039,1.50683,1.50709,1.00,1.00
2016.11.17 05:00:47.906,1.50684,1.50709,1.00,1.00
2016.11.17 05:00:51.300,1.50683,1.50709,1.00,1.00
2016.11.17 05:00:55.404,1.50684,1.50709,1.00,1.00
2016.11.17 05:00:55.905,1.50683,1.50709,1.00,1.00
2016.11.17 05:00:56.412,1.50684,1.50709,1.00,1.00
2016.11.17 05:00:56.463,1.50684,1.50706,1.00,1.00
2016.11.17 05:00:56.991,1.50683,1.50706,1.00,1.00
2016.11.17 05:00:57.515,1.50684,1.50706,1.00,1.00
2016.11.17 05:00:58.126,1.50694,1.50706,1.00,1.00
2016.11.17 05:00:58.177,1.50695,1.50725,1.00,2.25
2016.11.17 05:00:58.278,1.50692,1.50721,1.00,1.00
2016.11.17 05:00:58.329,1.50703,1.50721,1.00,1.00
2016.11.17 05:00:58.530,1.50695,1.50721,1.00,1.00
2016.11.17 05:00:58.631,1.50693,1.50721,1.00,1.00
2016.11.17 05:00:58.783,1.50694,1.50717,1.00,1.00
2016.11.17 05:00:59.322,1.50693,1.50717,1.00,1.00
2016.11.17 05:01:01.498,1.50693,1.5072,1.00,1.00
2016.11.17 05:01:01.649,1.50703,1.5072,1.00,1.00
2016.11.17 05:01:01.713,1.50694,1.5072,1.00,1.00
2016.11.17 05:01:02.360,1.50693,1.5072,1.00,1.00
2016.11.17 05:01:02.461,1.50694,1.50723,1.00,1.00
2016.11.17 05:01:02.962,1.50693,1.50723,1.00,1.00
2016.11.17 05:01:04.018,1.50693,1.50724,1.50,1.00
2016.11.17 05:01:04.863,1.50704,1.50724,1.00,1.00
2016.11.17 05:01:05.766,1.50704,1.50722,1.00,1.00
2016.11.17 05:01:06.219,1.50694,1.50722,1.00,1.00
2016.11.17 05:01:07.270,1.50694,1.50724,1.00,1.00
2016.11.17 05:01:07.470,1.50694,1.50722,1.00,1.00
2016.11.17 05:01:12.523,1.50694,1.50725,1.50,1.00
2016.11.17 05:01:12.634,1.50704,1.50725,1.00,1.00
2016.11.17 05:01:13.328,1.50695,1.50725,1.00,1.00
2016.11.17 05:01:13.533,1.50694,1.50718,1.00,1.00
2016.11.17 05:01:13.837,1.50694,1.50715,1.00,1.00
2016.11.17 05:01:14.164,1.50694,1.50721,1.00,1.00
2016.11.17 05:01:15.088,1.50694,1.5072,1.00,1.00
2016.11.17 05:01:20.801,1.50694,1.50722,1.00,1.00
2016.11.17 05:01:21.835,1.50694,1.50721,1.00,1.00
2016.11.17 05:01:22.517,1.50693,1.50721,1.00,1.00
2016.11.17 05:01:24.142,1.50694,1.50721,1.00,1.00
2016.11.17 05:01:31.184,1.50704,1.50721,1.00,1.00
2016.11.17 05:01:31.514,1.50704,1.50719,1.00,1.00
2016.11.17 05:01:33.130,1.50704,1.5072,1.00,1.00
2016.11.17 05:01:34.954,1.50694,1.5072,1.00,1.00
2016.11.17 05:01:38.539,1.50694,1.50721,1.00,1.00
2016.11.17 05:01:39.538,1.50694,1.5072,1.00,1.00
2016.11.17 05:01:41.344,1.50694,1.50719,1.00,1.00
2016.11.17 05:01:44.797,1.50693,1.50719,1.00,1.00
2016.11.17 05:01:47.167,1.50694,1.50716,1.00,1.00
2016.11.17 05:01:47.369,1.50684,1.50712,1.00,1.00
2016.11.17 05:01:47.571,1.50694,1.50712,1.00,1.00
2016.11.17 05:01:48.257,1.50694,1.50713,1.00,1.00
2016.11.17 05:01:49.094,1.50694,1.50716,1.00,1.00
2016.11.17 05:01:50.788,1.50694,1.50719,1.00,1.00
2016.11.17 05:01:54.174,1.50694,1.50717,1.00,1.00
2016.11.17 05:01:54.750,1.50694,1.50718,1.00,1.00
2016.11.17 05:01:54.800,1.50694,1.5072,1.00,1.00
2016.11.17 05:01:55.036,1.50696,1.5072,1.00,1.00
2016.11.17 05:01:55.086,1.50693,1.5072,1.00,1.00
2016.11.17 05:01:55.673,1.50694,1.50719,1.00,1.00
2016.11.17 05:01:56.517,1.50693,1.50719,1.50,1.00
2016.11.17 05:01:56.618,1.50694,1.50721,1.00,1.00
2016.11.17 05:01:56.730,1.50694,1.50719,1.50,1.00
2016.11.17 05:01:57.129,1.50694,1.50716,1.00,1.00
2016.11.17 05:01:57.989,1.50694,1.50717,1.00,1.00
2016.11.17 05:01:58.216,1.50688,1.50715,1.00,1.00
2016.11.17 05:01:58.418,1.50693,1.50715,1.00,1.00
2016.11.17 05:01:58.819,1.5069,1.50716,1.00,1.00
2016.11.17 05:01:58.920,1.5069,1.50713,1.00,1.00
2016.11.17 05:01:59.240,1.50694,1.50713,1.00,1.00
2016.11.17 05:01:59.939,1.50694,1.50712,1.00,1.00
2016.11.17 05:02:00.494,1.50687,1.50712,1.00,1.00
2016.11.17 05:02:00.827,1.50694,1.50712,1.00,1.00
2016.11.17 05:02:00.928,1.50694,1.50717,1.00,1.00
2016.11.17 05:02:04.153,1.50694,1.50714,1.00,1.00
2016.11.17 05:02:04.319,1.50693,1.50716,1.00,1.00
2016.11.17 05:02:07.605,1.50694,1.50716,1.00,1.00
2016.11.17 05:02:08.134,1.50694,1.50718,1.00,1.00
2016.11.17 05:02:08.512,1.50704,1.50719,1.00,1.00
2016.11.17 05:02:08.563,1.50704,1.50725,1.00,1.00
2016.11.17 05:02:08.614,1.50699,1.50725,1.00,1.00
2016.11.17 05:02:08.715,1.50701,1.50724,1.00,1.00
2016.11.17 05:02:09.113,1.50703,1.50724,1.00,1.00
2016.11.17 05:02:09.453,1.50703,1.50721,1.00,1.00
2016.11.17 05:02:10.200,1.50704,1.50722,1.00,1.00
2016.11.17 05:02:10.730,1.50703,1.50722,1.00,1.00
2016.11.17 05:02:11.361,1.50703,1.5072,1.00,1.00
2016.11.17 05:02:11.950,1.50703,1.50723,1.00,1.00
2016.11.17 05:02:12.051,1.50703,1.5072,1.00,1.00
2016.11.17 05:02:13.030,1.50703,1.50722,1.00,1.00
2016.11.17 05:02:13.651,1.50703,1.50725,1.00,1.00
2016.11.17 05:02:14.156,1.50704,1.50727,1.00,1.00
2016.11.17 05:02:14.508,1.50714,1.50727,1.00,1.00
2016.11.17 05:02:15.074,1.50713,1.50728,1.00,1.00
2016.11.17 05:02:17.662,1.50713,1.50733,1.00,1.00
2016.11.17 05:02:17.713,1.50704,1.50733,1.00,1.00
2016.11.17 05:02:17.763,1.50709,1.50733,1.00,1.00
2016.11.17 05:02:17.966,1.50715,1.50741,1.00,1.00
2016.11.17 05:02:20.141,1.50717,1.50741,1.00,1.00
2016.11.17 05:02:20.686,1.50717,1.50742,1.00,1.00
2016.11.17 05:02:20.737,1.50714,1.50742,1.50,1.00
2016.11.17 05:02:21.998,1.50714,1.50744,1.50,1.00
2016.11.17 05:02:22.049,1.50716,1.50744,1.00,1.00
2016.11.17 05:02:22.099,1.50717,1.50748,1.00,1.00
2016.11.17 05:02:22.150,1.5072,1.50748,1.00,1.00
2016.11.17 05:02:22.679,1.50719,1.50748,1.00,1.00
2016.11.17 05:02:23.056,1.50723,1.50748,1.00,1.00
2016.11.17 05:02:24.043,1.50724,1.50748,1.00,1.00
2016.11.17 05:02:29.311,1.50724,1.50747,1.00,1.00
2016.11.17 05:02:30.495,1.50724,1.50751,1.50,1.00
2016.11.17 05:02:30.825,1.50723,1.50746,1.00,1.00
2016.11.17 05:02:31.300,1.50723,1.50744,1.00,1.00
2016.11.17 05:02:31.491,1.50723,1.50747,1.00,1.00
2016.11.17 05:02:31.643,1.50734,1.50747,1.00,1.00
2016.11.17 05:02:31.744,1.50723,1.50747,1.00,1.00
2016.11.17 05:02:31.844,1.50724,1.50749,1.50,1.00
2016.11.17 05:02:31.996,1.50724,1.50747,1.50,1.00
2016.11.17 05:02:33.683,1.50724,1.5075,1.50,1.00
2016.11.17 05:02:33.884,1.50724,1.50748,1.50,1.00
2016.11.17 05:02:34.410,1.50723,1.50748,1.00,1.00
2016.11.17 05:02:34.760,1.50724,1.50744,1.00,1.00
2016.11.17 05:02:35.488,1.50724,1.50745,1.00,1.00
2016.11.17 05:02:36.058,1.50723,1.50745,1.00,1.00
2016.11.17 05:02:36.835,1.50724,1.50745,1.00,1.00
2016.11.17 05:02:42.821,1.50724,1.50746,1.00,1.00
2016.11.17 05:02:43.409,1.50724,1.50749,1.00,1.00
2016.11.17 05:02:43.460,1.50734,1.50749,1.00,1.00
2016.11.17 05:02:44.001,1.50734,1.50751,1.00,1.00
2016.11.17 05:02:44.839,1.50734,1.50747,1.00,1.00
2016.11.17 05:02:44.890,1.50724,1.50747,1.00,1.00
2016.11.17 05:02:45.451,1.50724,1.50746,1.00,1.00
2016.11.17 05:02:45.953,1.50723,1.50746,1.00,1.00
2016.11.17 05:02:46.053,1.50723,1.5074,1.00,1.00
2016.11.17 05:02:46.628,1.50723,1.50739,1.00,1.00
2016.11.17 05:02:52.300,1.50714,1.50739,1.00,1.00
2016.11.17 05:02:53.085,1.50724,1.50739,1.00,1.00
2016.11.17 05:02:56.863,1.50723,1.50739,1.00,1.00
2016.11.17 05:02:57.561,1.50723,1.5074,1.00,1.00
2016.11.17 05:03:03.334,1.50723,1.50741,1.00,1.00
2016.11.17 05:03:05.273,1.50724,1.50741,1.00,1.00
2016.11.17 05:03:06.464,1.50724,1.5074,1.00,1.00
2016.11.17 05:03:18.299,1.50723,1.5074,1.00,1.00
2016.11.17 05:03:18.916,1.50715,1.5074,1.00,1.00
2016.11.17 05:03:19.136,1.50713,1.5074,1.00,1.00
2016.11.17 05:03:19.187,1.50713,1.50737,1.00,1.00
2016.11.17 05:03:20.213,1.50714,1.50737,1.00,1.00
2016.11.17 05:03:20.735,1.50714,1.50736,1.00,1.00
2016.11.17 05:03:21.387,1.50714,1.50737,1.00,1.00
2016.11.17 05:03:24.690,1.50714,1.50736,1.00,1.00
2016.11.17 05:03:27.392,1.50713,1.50736,1.00,1.00
2016.11.17 05:03:28.246,1.50714,1.50736,1.00,1.00
2016.11.17 05:03:28.758,1.50713,1.50735,1.00,1.00
2016.11.17 05:03:29.061,1.50714,1.50732,1.00,1.00
2016.11.17 05:03:29.609,1.50713,1.50732,1.00,1.00
2016.11.17 05:03:30.675,1.50713,1.50731,1.00,1.00
2016.11.17 05:03:33.132,1.50714,1.50731,1.00,1.00
2016.11.17 05:03:35.183,1.50714,1.5073,1.00,1.00
2016.11.17 05:03:35.513,1.50714,1.50733,1.00,1.00
2016.11.17 05:03:36.304,1.50714,1.50736,1.00,1.00
2016.11.17 05:03:36.455,1.50709,1.50736,1.00,1.00
2016.11.17 05:03:36.615,1.50714,1.50736,1.00,1.00
2016.11.17 05:03:37.298,1.50714,1.50735,1.00,1.00
2016.11.17 05:03:37.824,1.50713,1.50735,1.00,1.00
2016.11.17 05:03:39.347,1.50714,1.50735,1.00,1.00
2016.11.17 05:03:39.398,1.50714,1.50739,1.00,1.00
2016.11.17 05:03:39.721,1.50714,1.50735,1.00,1.00
2016.11.17 05:03:40.434,1.50713,1.50735,1.00,1.00
2016.11.17 05:03:42.086,1.50713,1.50733,1.00,1.00
2016.11.17 05:03:43.226,1.50714,1.50733,1.00,1.00
2016.11.17 05:03:49.158,1.50714,1.50734,1.00,1.00
2016.11.17 05:03:52.054,1.50709,1.50734,1.00,1.00
2016.11.17 05:03:52.155,1.50704,1.50727,1.00,1.00
2016.11.17 05:03:52.256,1.507,1.50729,1.50,1.00
2016.11.17 05:03:52.357,1.50704,1.50726,1.00,1.00
2016.11.17 05:03:52.801,1.50703,1.50723,1.00,1.00
2016.11.17 05:03:53.303,1.50704,1.50723,1.00,1.00
2016.11.17 05:03:53.354,1.50703,1.50725,1.00,1.00
2016.11.17 05:03:54.743,1.50703,1.50727,1.00,1.00
2016.11.17 05:03:54.852,1.50703,1.50725,1.00,1.00
2016.11.17 05:03:55.820,1.50703,1.50726,1.00,1.00
2016.11.17 05:03:57.258,1.50704,1.50726,1.00,1.00
2016.11.17 05:03:57.744,1.50698,1.50726,1.00,1.00
2016.11.17 05:03:57.894,1.50704,1.50726,1.00,1.00
2016.11.17 05:03:58.209,1.50704,1.50723,1.00,1.00
2016.11.17 05:04:03.964,1.50703,1.50722,1.00,1.00
2016.11.17 05:04:04.238,1.50703,1.50726,1.00,1.00
2016.11.17 05:04:04.339,1.50703,1.50728,1.00,1.00
2016.11.17 05:04:04.541,1.50704,1.50726,1.00,1.00
2016.11.17 05:04:05.151,1.50703,1.50726,1.00,1.00
2016.11.17 05:04:05.836,1.50703,1.50727,1.00,1.00
2016.11.17 05:04:08.086,1.50703,1.50729,1.00,1.00
2016.11.17 05:04:08.358,1.50703,1.50727,1.00,1.00
2016.11.17 05:04:08.459,1.50703,1.50729,1.00,1.00
2016.11.17 05:04:09.194,1.50704,1.50729,1.00,1.00
2016.11.17 05:04:09.746,1.50704,1.50727,1.00,1.00
2016.11.17 05:04:10.807,1.50703,1.50727,1.00,1.00
2016.11.17 05:04:12.054,1.50703,1.50726,1.00,1.00
2016.11.17 05:04:12.205,1.50696,1.50723,1.00,1.00
2016.11.17 05:04:12.898,1.50695,1.50723,1.50,1.00
2016.11.17 05:04:13.883,1.50695,1.50722,1.00,1.00
2016.11.17 05:04:14.219,1.50703,1.50722,1.00,1.00
2016.11.17 05:04:14.371,1.50703,1.50727,1.00,1.00
2016.11.17 05:04:14.920,1.50704,1.50727,1.00,1.00
2016.11.17 05:04:15.568,1.50704,1.50726,1.00,1.00
2016.11.17 05:04:17.624,1.50703,1.50726,1.00,1.00
2016.11.17 05:04:19.077,1.50704,1.50726,1.00,1.00
2016.11.17 05:04:20.264,1.50704,1.50727,1.00,1.00
2016.11.17 05:04:23.486,1.50703,1.5073,1.00,1.00
2016.11.17 05:04:23.587,1.50707,1.50732,1.00,1.00
2016.11.17 05:04:23.688,1.50707,1.50735,1.00,1.00
2016.11.17 05:04:23.789,1.50714,1.50735,1.00,1.00
2016.11.17 05:04:24.491,1.50714,1.50736,1.00,1.00
2016.11.17 05:04:24.693,1.50714,1.50738,1.00,1.00
2016.11.17 05:04:25.671,1.50714,1.5074,1.00,1.00
2016.11.17 05:04:28.987,1.50714,1.50739,1.00,1.00
2016.11.17 05:04:37.740,1.50724,1.50739,1.00,1.00
2016.11.17 05:04:37.841,1.50713,1.50739,1.00,1.00
2016.11.17 05:04:39.106,1.50714,1.50739,1.00,1.00
2016.11.17 05:04:39.792,1.50714,1.50741,1.00,1.00
2016.11.17 05:04:40.724,1.50724,1.50741,1.00,1.00
2016.11.17 05:04:43.797,1.50724,1.50739,1.00,1.00
2016.11.17 05:04:45.459,1.50714,1.50739,1.50,1.00
2016.11.17 05:04:45.625,1.50713,1.50736,1.00,1.00
2016.11.17 05:04:45.726,1.50704,1.50729,1.00,1.00
2016.11.17 05:04:46.216,1.50701,1.50729,1.00,1.00
2016.11.17 05:04:49.041,1.50704,1.50729,1.00,1.00
2016.11.17 05:04:49.243,1.50706,1.50734,1.50,1.00
2016.11.17 05:04:49.344,1.50714,1.50734,1.00,1.00
2016.11.17 05:04:49.545,1.50705,1.50731,1.00,1.00
2016.11.17 05:04:49.727,1.50704,1.50729,1.00,1.00
2016.11.17 05:04:50.532,1.50706,1.50734,1.00,1.00
2016.11.17 05:04:50.633,1.50708,1.50736,1.00,1.00
2016.11.17 05:04:50.953,1.50714,1.50739,1.00,1.00
2016.11.17 05:04:51.575,1.50724,1.50739,1.00,1.00
2016.11.17 05:04:54.814,1.50724,1.50738,1.00,1.00
2016.11.17 05:04:56.828,1.50714,1.50738,1.50,1.00
2016.11.17 05:04:59.330,1.50724,1.50738,1.00,1.00
2016.11.17 05:04:59.859,1.50724,1.50741,1.00,1.00
2016.11.17 05:05:01.139,1.50724,1.5074,1.00,1.00
2016.11.17 05:05:01.240,1.50714,1.5074,1.00,1.00
2016.11.17 05:05:01.661,1.50714,1.50737,1.00,1.00
2016.11.17 05:05:02.322,1.50713,1.50737,1.00,1.00
2016.11.17 05:05:03.636,1.50714,1.50737,1.00,1.00
2016.11.17 05:05:03.749,1.50706,1.50734,1.50,1.00
2016.11.17 05:05:03.850,1.50704,1.5073,1.00,1.00
2016.11.17 05:05:04.160,1.50704,1.50732,1.00,1.00
2016.11.17 05:05:04.895,1.50704,1.5073,1.00,1.00
2016.11.17 05:05:05.250,1.50709,1.50734,1.00,1.00
2016.11.17 05:05:05.351,1.50711,1.50737,1.00,1.00
2016.11.17 05:05:05.452,1.50713,1.50734,1.00,1.00
2016.11.17 05:05:06.231,1.50713,1.50733,1.00,1.00
2016.11.17 05:05:07.183,1.50713,1.50734,1.00,1.00
2016.11.17 05:05:07.741,1.50714,1.50734,1.00,1.00
2016.11.17 05:05:09.839,1.50714,1.50735,1.00,1.00
2016.11.17 05:05:11.149,1.50713,1.50735,1.00,1.00
2016.11.17 05:05:11.452,1.50713,1.50732,1.00,1.00
2016.11.17 05:05:12.112,1.50714,1.50732,1.00,1.00
2016.11.17 05:05:12.961,1.50703,1.50728,1.00,1.00
2016.11.17 05:05:13.063,1.50703,1.50725,1.00,1.00
2016.11.17 05:05:13.365,1.50704,1.50722,1.00,1.00
2016.11.17 05:05:13.575,1.50704,1.50724,1.00,1.00
2016.11.17 05:05:18.870,1.50703,1.50727,1.00,1.00
2016.11.17 05:05:20.086,1.50703,1.50728,1.00,1.00
2016.11.17 05:05:20.860,1.50701,1.50728,1.00,1.00
2016.11.17 05:05:21.427,1.507,1.50728,1.00,1.00
2016.11.17 05:05:21.759,1.50703,1.50728,1.00,1.00
2016.11.17 05:05:21.910,1.50704,1.50731,1.00,1.00
2016.11.17 05:05:22.065,1.50704,1.50729,1.00,1.00
2016.11.17 05:05:23.104,1.50704,1.50732,1.00,1.00
2016.11.17 05:05:25.899,1.50704,1.50731,1.50,1.00
2016.11.17 05:05:26.000,1.50704,1.50729,1.50,1.00
2016.11.17 05:05:26.504,1.50704,1.50726,1.00,1.00
2016.11.17 05:05:27.057,1.50703,1.50726,1.00,1.00
2016.11.17 05:05:27.569,1.50703,1.50725,1.00,1.00
2016.11.17 05:05:27.620,1.50703,1.50728,1.00,1.00
2016.11.17 05:05:28.458,1.50704,1.50728,1.00,1.00
2016.11.17 05:05:28.959,1.50704,1.50727,1.00,1.00
2016.11.17 05:05:29.483,1.50704,1.50728,1.00,1.00
2016.11.17 05:05:30.186,1.50703,1.50728,1.00,1.00
2016.11.17 05:05:30.706,1.50704,1.50728,1.00,1.00
2016.11.17 05:05:32.524,1.50704,1.50727,1.00,1.00
2016.11.17 05:05:37.320,1.50703,1.50729,1.00,1.00
2016.11.17 05:05:37.421,1.50703,1.50732,1.50,1.00
2016.11.17 05:05:37.522,1.50708,1.50737,1.00,1.00
2016.11.17 05:05:37.860,1.50714,1.50737,1.00,1.00
2016.11.17 05:05:38.162,1.50713,1.50731,1.00,1.00
2016.11.17 05:05:38.213,1.50713,1.50737,1.00,1.00
2016.11.17 05:05:38.758,1.50714,1.50737,1.00,1.00
2016.11.17 05:05:39.286,1.50713,1.50737,1.00,1.00
2016.11.17 05:05:39.881,1.50713,1.50736,1.00,1.00
2016.11.17 05:05:40.032,1.50708,1.50734,1.00,1.00
2016.11.17 05:05:40.083,1.50705,1.50734,1.50,1.00
2016.11.17 05:05:40.723,1.50705,1.50729,1.00,1.00
2016.11.17 05:05:40.986,1.50696,1.50726,1.00,1.00
2016.11.17 05:05:41.206,1.50698,1.50726,1.00,1.00
2016.11.17 05:05:42.589,1.50703,1.50726,1.00,1.00
2016.11.17 05:05:44.992,1.50704,1.50726,1.00,1.00
2016.11.17 05:05:46.214,1.50694,1.50719,1.00,1.00
2016.11.17 05:05:46.416,1.50704,1.50719,1.00,1.00
2016.11.17 05:05:46.517,1.50693,1.50719,1.00,1.00
2016.11.17 05:05:46.824,1.50694,1.50716,1.00,1.00
2016.11.17 05:05:50.434,1.50694,1.50715,1.00,1.00
2016.11.17 05:05:52.927,1.50693,1.50715,1.00,1.00
2016.11.17 05:05:53.335,1.50693,1.50718,1.00,1.00
2016.11.17 05:05:54.005,1.50694,1.50718,1.00,1.00
2016.11.17 05:05:54.544,1.50693,1.50718,1.00,1.00
2016.11.17 05:05:54.790,1.50703,1.50718,1.00,1.00
2016.11.17 05:05:54.841,1.50693,1.50718,1.00,1.00
2016.11.17 05:05:54.945,1.50693,1.50716,1.00,1.00
2016.11.17 05:05:55.311,1.50704,1.50716,1.00,1.00
2016.11.17 05:05:55.427,1.50693,1.50716,1.00,1.00
2016.11.17 05:06:00.851,1.50694,1.50716,1.00,1.00
2016.11.17 05:06:04.051,1.50694,1.50715,1.00,1.00
2016.11.17 05:06:04.253,1.50703,1.50716,1.00,1.00
2016.11.17 05:06:04.431,1.50693,1.50716,1.00,1.00
2016.11.17 05:06:04.583,1.50693,1.50719,1.00,1.00
2016.11.17 05:06:04.819,1.50703,1.50719,1.00,1.00
2016.11.17 05:06:05.574,1.50703,1.50718,1.00,1.00
2016.11.17 05:06:06.322,1.50694,1.50718,1.00,1.00
2016.11.17 05:06:07.023,1.50703,1.50718,1.00,1.00
2016.11.17 05:06:09.326,1.50693,1.50718,1.00,1.00
2016.11.17 05:06:10.001,1.50693,1.50717,1.00,1.00
2016.11.17 05:06:10.344,1.50704,1.50717,1.00,1.00
2016.11.17 05:06:10.394,1.50704,1.50721,1.00,1.00
2016.11.17 05:06:10.898,1.50703,1.50721,1.00,1.00
2016.11.17 05:06:11.630,1.50703,1.5072,1.00,1.00
2016.11.17 05:06:14.184,1.50703,1.50721,1.00,1.00
2016.11.17 05:06:17.283,1.50704,1.50721,1.00,1.00
2016.11.17 05:06:17.810,1.50704,1.5072,1.00,1.00
2016.11.17 05:06:19.300,1.50704,1.50721,1.00,1.00
2016.11.17 05:06:19.401,1.50704,1.50724,1.00,1.00
2016.11.17 05:06:20.435,1.50704,1.50723,1.00,1.00
2016.11.17 05:06:21.283,1.50703,1.50723,1.00,1.00
2016.11.17 05:06:21.643,1.50713,1.50722,1.00,1.00
2016.11.17 05:06:24.144,1.50713,1.50723,1.00,1.00
2016.11.17 05:06:24.346,1.50703,1.50722,1.00,1.00
2016.11.17 05:06:24.847,1.50704,1.50722,1.00,1.00
2016.11.17 05:06:25.386,1.50704,1.50723,1.00,1.00
2016.11.17 05:06:25.963,1.50703,1.50722,1.00,1.00
2016.11.17 05:06:26.064,1.50704,1.50724,1.00,1.00
2016.11.17 05:06:26.950,1.50704,1.50723,1.00,1.00
2016.11.17 05:06:27.336,1.50704,1.50721,1.00,1.00
2016.11.17 05:06:27.817,1.50704,1.50723,1.00,1.00
2016.11.17 05:06:28.240,1.50704,1.50721,1.00,1.00
2016.11.17 05:06:29.205,1.50704,1.50723,1.00,1.00
2016.11.17 05:06:31.035,1.50704,1.50722,1.00,1.00
2016.11.17 05:06:31.575,1.50703,1.50722,1.00,1.00
2016.11.17 05:06:32.200,1.50703,1.50721,1.00,1.00
2016.11.17 05:06:34.329,1.50703,1.50716,1.00,1.00
2016.11.17 05:06:34.581,1.50694,1.50708,1.00,1.00
2016.11.17 05:06:34.682,1.50684,1.50708,1.00,1.00
2016.11.17 05:06:34.764,1.50693,1.50709,1.00,1.00
2016.11.17 05:06:34.866,1.50694,1.50723,1.00,1.20
2016.11.17 05:06:34.967,1.50687,1.50713,1.00,1.00
2016.11.17 05:06:35.067,1.50685,1.50713,1.00,1.00
2016.11.17 05:06:35.319,1.50684,1.50707,1.00,1.00
2016.11.17 05:06:35.672,1.50678,1.50707,1.50,1.00
2016.11.17 05:06:35.773,1.50683,1.50707,1.00,1.00
2016.11.17 05:06:36.026,1.50683,1.50718,1.00,1.75
2016.11.17 05:06:36.076,1.50694,1.50718,1.00,1.75
2016.11.17 05:06:36.278,1.50684,1.50707,1.00,1.00
2016.11.17 05:06:36.379,1.50679,1.50707,1.00,1.00
2016.11.17 05:06:36.480,1.50683,1.50707,1.00,1.00
2016.11.17 05:06:37.427,1.50683,1.50708,1.00,1.00
2016.11.17 05:06:37.772,1.50684,1.50711,1.00,1.00
2016.11.17 05:06:37.873,1.50693,1.50711,1.00,1.00
2016.11.17 05:06:38.727,1.50693,1.50712,1.00,1.00
2016.11.17 05:06:39.286,1.50694,1.50712,1.00,1.00
2016.11.17 05:06:40.035,1.50694,1.50714,1.00,1.00
2016.11.17 05:06:41.756,1.50694,1.50715,1.00,1.00
2016.11.17 05:06:45.888,1.50694,1.50712,1.00,1.00
2016.11.17 05:06:46.846,1.50693,1.50715,1.00,1.00
2016.11.17 05:06:47.388,1.50694,1.50715,1.00,1.00
2016.11.17 05:06:50.454,1.50694,1.50716,1.00,1.00
2016.11.17 05:06:50.556,1.50694,1.50712,1.00,1.00
2016.11.17 05:06:50.657,1.50694,1.50714,1.00,1.00
2016.11.17 05:06:50.757,1.50684,1.50713,1.50,1.00
2016.11.17 05:06:50.858,1.50684,1.50709,1.00,1.00
2016.11.17 05:06:51.161,1.50694,1.50709,1.00,1.00
2016.11.17 05:06:51.212,1.50683,1.50709,1.00,1.00
2016.11.17 05:06:51.930,1.50683,1.50708,1.00,1.00
2016.11.17 05:06:52.388,1.50684,1.5071,1.00,1.00
2016.11.17 05:06:54.808,1.50683,1.5071,1.00,1.00
2016.11.17 05:06:55.134,1.50693,1.50709,1.00,1.00
2016.11.17 05:06:55.338,1.50684,1.50709,1.00,1.00
2016.11.17 05:06:56.874,1.50684,1.5071,1.00,1.00
2016.11.17 05:06:56.975,1.50683,1.50708,1.00,1.00
2016.11.17 05:06:57.387,1.50683,1.50712,1.00,1.00
2016.11.17 05:06:57.767,1.50685,1.50713,1.00,1.00
2016.11.17 05:06:58.550,1.50694,1.50713,1.00,1.00
2016.11.17 05:06:59.088,1.50694,1.50714,1.00,1.00
2016.11.17 05:06:59.240,1.50684,1.50714,1.00,1.00
2016.11.17 05:06:59.391,1.50686,1.50714,1.00,1.00
2016.11.17 05:06:59.813,1.50693,1.50718,1.00,1.00
2016.11.17 05:07:00.382,1.50693,1.50719,1.00,1.00
2016.11.17 05:07:02.915,1.50689,1.50719,1.00,1.00
2016.11.17 05:07:03.236,1.50693,1.50719,1.00,1.00
2016.11.17 05:07:10.103,1.50693,1.50718,1.00,1.00
2016.11.17 05:07:10.605,1.50694,1.50718,1.00,1.00
2016.11.17 05:07:11.224,1.50691,1.50718,1.00,1.00
2016.11.17 05:07:11.325,1.50689,1.50718,1.00,1.00
2016.11.17 05:07:11.825,1.50693,1.50718,1.00,1.00
2016.11.17 05:07:13.645,1.50694,1.50718,1.00,1.00
2016.11.17 05:07:14.229,1.50693,1.50718,1.00,1.00
2016.11.17 05:07:14.764,1.50693,1.50717,1.00,1.00
2016.11.17 05:07:16.133,1.50694,1.50717,1.00,1.00
2016.11.17 05:07:25.140,1.50694,1.50718,1.00,1.00
2016.11.17 05:07:31.147,1.50689,1.50718,1.00,1.00
2016.11.17 05:07:35.959,1.50688,1.50715,1.00,1.00
2016.11.17 05:07:36.308,1.50694,1.50715,1.00,1.00
2016.11.17 05:07:36.479,1.50687,1.50715,1.50,1.00
2016.11.17 05:07:36.858,1.50693,1.50714,1.00,1.00
2016.11.17 05:07:37.182,1.50687,1.50713,1.00,1.00
2016.11.17 05:07:38.142,1.50686,1.50713,1.00,1.00
2016.11.17 05:07:38.378,1.50686,1.50715,1.00,1.00
2016.11.17 05:07:38.506,1.50688,1.50715,1.00,1.00
2016.11.17 05:07:38.807,1.50685,1.50711,1.00,1.00
2016.11.17 05:07:39.156,1.50684,1.50709,1.50,1.00
2016.11.17 05:07:39.643,1.50694,1.50709,1.00,1.00
2016.11.17 05:07:40.155,1.50694,1.5071,1.00,1.00
2016.11.17 05:07:40.382,1.50693,1.50713,1.00,1.00
2016.11.17 05:07:43.667,1.50694,1.50713,1.00,1.00
2016.11.17 05:07:44.682,1.50683,1.50713,1.00,1.00
2016.11.17 05:07:45.224,1.50684,1.50713,1.50,1.00
2016.11.17 05:07:45.476,1.50683,1.5071,1.00,1.00
2016.11.17 05:07:46.294,1.50683,1.50713,1.00,1.00
2016.11.17 05:07:46.379,1.50686,1.50715,1.00,1.00
2016.11.17 05:07:46.807,1.50689,1.50718,1.00,1.00
2016.11.17 05:07:47.123,1.50694,1.50718,1.00,1.00
2016.11.17 05:07:48.574,1.50691,1.50718,1.00,1.00
2016.11.17 05:07:50.366,1.50689,1.50718,1.50,1.00
2016.11.17 05:07:51.353,1.50691,1.50718,1.00,1.00
2016.11.17 05:07:51.454,1.50686,1.50715,1.50,1.00
2016.11.17 05:07:51.505,1.50694,1.50718,1.00,1.00
2016.11.17 05:07:51.606,1.50689,1.50718,1.00,1.00
2016.11.17 05:07:51.908,1.50694,1.5072,1.00,1.00
2016.11.17 05:07:52.491,1.50694,1.50716,1.00,1.00
2016.11.17 05:07:55.233,1.50694,1.50717,1.00,1.00
2016.11.17 05:07:58.234,1.50694,1.50718,1.00,1.00
2016.11.17 05:07:59.239,1.50694,1.50717,1.00,1.00
2016.11.17 05:08:00.935,1.50691,1.50717,1.00,1.00
2016.11.17 05:08:01.036,1.50691,1.50714,1.00,1.00
2016.11.17 05:08:01.137,1.50684,1.5071,1.00,1.00
2016.11.17 05:08:01.339,1.50684,1.50708,1.00,1.00
2016.11.17 05:08:01.440,1.5068,1.50708,1.00,1.00
2016.11.17 05:08:01.571,1.50693,1.50708,1.00,1.00
2016.11.17 05:08:01.623,1.50684,1.50708,1.00,1.00
2016.11.17 05:08:01.724,1.50694,1.50708,1.00,1.00
2016.11.17 05:08:01.826,1.50694,1.50711,1.00,1.00
2016.11.17 05:08:01.927,1.50684,1.50711,1.50,1.00
2016.11.17 05:08:02.028,1.50694,1.50711,1.00,1.00
2016.11.17 05:08:02.129,1.50684,1.50713,1.50,1.00
2016.11.17 05:08:02.180,1.50686,1.50713,1.00,1.00
2016.11.17 05:08:02.529,1.50688,1.50713,1.00,1.00
2016.11.17 05:08:02.602,1.50686,1.50713,1.00,1.00
2016.11.17 05:08:03.135,1.50684,1.50712,1.00,1.00
2016.11.17 05:08:03.659,1.50687,1.50713,1.00,1.00
2016.11.17 05:08:04.012,1.50688,1.50717,1.00,1.00
2016.11.17 05:08:04.113,1.50693,1.50717,1.00,1.00
2016.11.17 05:08:04.214,1.50688,1.50717,1.00,1.00
2016.11.17 05:08:04.441,1.50694,1.50717,1.00,1.00
2016.11.17 05:08:04.643,1.50694,1.5072,1.00,1.00
2016.11.17 05:08:05.013,1.50694,1.50723,1.00,1.00
2016.11.17 05:08:07.357,1.50694,1.5072,1.00,1.00
2016.11.17 05:08:07.558,1.50694,1.50724,1.50,1.00
2016.11.17 05:08:07.860,1.50696,1.50724,1.00,1.00
2016.11.17 05:08:08.183,1.50698,1.50724,1.00,1.00
2016.11.17 05:08:08.541,1.50696,1.50724,1.00,1.00
2016.11.17 05:08:09.542,1.50694,1.50724,1.50,1.00
2016.11.17 05:08:10.143,1.50695,1.50724,1.00,1.00
2016.11.17 05:08:10.999,1.50696,1.50724,1.00,1.00
2016.11.17 05:08:14.428,1.50695,1.50725,1.00,1.00
2016.11.17 05:08:15.334,1.50695,1.50722,1.00,1.00
2016.11.17 05:08:15.737,1.50695,1.50724,1.00,1.00
2016.11.17 05:08:15.938,1.50703,1.50724,1.00,1.00
2016.11.17 05:08:17.534,1.50703,1.50726,1.00,1.00
2016.11.17 05:08:23.986,1.50703,1.50727,1.00,1.00
2016.11.17 05:08:24.508,1.50704,1.50727,1.00,1.00
2016.11.17 05:08:25.257,1.50704,1.50726,1.00,1.00
2016.11.17 05:08:26.593,1.50704,1.50727,1.00,1.00
2016.11.17 05:08:26.694,1.50693,1.5072,1.00,1.00
2016.11.17 05:08:26.946,1.50694,1.50716,1.00,1.00
2016.11.17 05:08:27.746,1.50694,1.50715,1.00,1.00
2016.11.17 05:08:28.838,1.50693,1.50715,1.00,1.00
2016.11.17 05:08:29.357,1.50694,1.50715,1.00,1.00
2016.11.17 05:08:30.528,1.50693,1.50715,1.00,1.00
2016.11.17 05:08:31.546,1.50694,1.50715,1.00,1.00
2016.11.17 05:08:32.058,1.50694,1.50714,1.00,1.00
2016.11.17 05:08:32.958,1.50693,1.50714,1.00,1.00
2016.11.17 05:08:33.059,1.50685,1.50714,1.00,1.00
2016.11.17 05:08:33.160,1.50684,1.50712,1.50,1.00
2016.11.17 05:08:34.154,1.50684,1.50711,1.00,1.00
2016.11.17 05:08:34.834,1.50683,1.50711,1.50,1.00
2016.11.17 05:08:35.383,1.50684,1.50711,1.00,1.00
2016.11.17 05:08:35.735,1.50686,1.50711,1.00,1.00
2016.11.17 05:08:35.786,1.50684,1.50711,1.00,1.00
2016.11.17 05:08:36.508,1.50685,1.50711,1.00,1.00
2016.11.17 05:08:36.772,1.50683,1.50711,1.50,1.00
2016.11.17 05:08:38.438,1.50684,1.50711,1.00,1.00
2016.11.17 05:08:38.901,1.50685,1.50713,1.00,1.00
2016.11.17 05:08:39.421,1.50684,1.50713,1.50,1.00
2016.11.17 05:08:40.316,1.50684,1.50711,1.50,1.00
2016.11.17 05:08:50.809,1.50684,1.5071,1.50,1.00
2016.11.17 05:08:54.999,1.50684,1.50711,1.00,1.00
2016.11.17 05:08:55.984,1.50684,1.5071,1.00,1.00
2016.11.17 05:08:56.986,1.50684,1.50711,1.50,1.00
2016.11.17 05:09:03.204,1.50687,1.50716,1.00,1.00
2016.11.17 05:09:03.305,1.50688,1.50719,1.00,1.00
2016.11.17 05:09:03.406,1.50693,1.50722,1.00,1.00
2016.11.17 05:09:04.068,1.50694,1.50722,1.00,1.00
2016.11.17 05:09:09.931,1.50694,1.50719,1.00,1.00
2016.11.17 05:09:10.304,1.50694,1.50722,1.00,1.00
2016.11.17 05:09:14.509,1.50694,1.50719,1.00,1.00
2016.11.17 05:09:15.725,1.50693,1.50718,1.00,1.00
2016.11.17 05:09:19.332,1.50693,1.50716,1.00,1.00
2016.11.17 05:09:22.123,1.50694,1.50716,1.00,1.00
2016.11.17 05:09:24.531,1.50694,1.50714,1.00,1.00
2016.11.17 05:09:24.990,1.50684,1.50714,1.50,1.00
2016.11.17 05:09:25.537,1.50685,1.50714,1.00,1.00
2016.11.17 05:09:26.305,1.50684,1.50714,1.50,1.00
2016.11.17 05:09:26.906,1.50684,1.50715,2.25,1.00
2016.11.17 05:09:28.630,1.50684,1.50713,2.25,1.00
2016.11.17 05:09:29.745,1.50684,1.50714,1.50,1.00
2016.11.17 05:09:30.130,1.50693,1.50714,1.00,1.00
2016.11.17 05:09:31.998,1.50684,1.50714,1.00,1.00
2016.11.17 05:09:32.532,1.50684,1.50715,1.00,1.00
2016.11.17 05:09:33.037,1.50683,1.50714,1.50,1.00
2016.11.17 05:09:33.682,1.50683,1.50712,1.50,1.00
2016.11.17 05:09:35.328,1.50684,1.50712,1.00,1.00
2016.11.17 05:09:35.631,1.50684,1.5071,1.00,1.00
2016.11.17 05:09:39.308,1.50683,1.5071,1.00,1.00
2016.11.17 05:09:39.682,1.50683,1.50712,1.00,1.00
2016.11.17 05:09:44.605,1.50683,1.50713,1.00,1.00
2016.11.17 05:09:45.158,1.50693,1.50713,1.00,1.00
2016.11.17 05:09:45.684,1.50693,1.50712,1.00,1.00
2016.11.17 05:09:45.888,1.50694,1.50714,1.00,1.00
2016.11.17 05:09:46.187,1.50694,1.5072,1.00,1.00
2016.11.17 05:09:46.238,1.5069,1.5072,1.00,1.00
2016.11.17 05:09:46.446,1.50694,1.5072,1.00,1.00
2016.11.17 05:09:47.257,1.5069,1.5072,1.50,1.00
2016.11.17 05:09:47.308,1.50688,1.50718,1.00,1.00
2016.11.17 05:09:47.509,1.50685,1.50716,1.50,1.00
2016.11.17 05:09:49.017,1.50694,1.50716,1.00,1.00
2016.11.17 05:09:50.866,1.50694,1.50717,1.00,1.00
2016.11.17 05:09:54.358,1.50693,1.50717,1.00,1.00
2016.11.17 05:09:54.695,1.50694,1.50715,1.00,1.00
2016.11.17 05:09:54.847,1.50686,1.50715,1.00,1.00
2016.11.17 05:09:57.725,1.50693,1.50715,1.00,1.00
2016.11.17 05:09:58.258,1.50686,1.50715,1.00,1.00
2016.11.17 05:09:58.426,1.50694,1.50715,1.00,1.00
2016.11.17 05:10:00.127,1.50686,1.50715,1.50,1.00
2016.11.17 05:10:00.327,1.50694,1.50715,1.00,1.00
2016.11.17 05:10:00.428,1.50686,1.50715,1.50,1.00
2016.11.17 05:10:01.193,1.50688,1.50718,1.00,1.00
2016.11.17 05:10:01.344,1.50694,1.50718,1.00,1.00
2016.11.17 05:10:02.184,1.50694,1.50717,1.00,1.00
2016.11.17 05:10:10.397,1.50694,1.50719,1.00,1.00
2016.11.17 05:10:10.499,1.50694,1.50717,1.00,1.00
2016.11.17 05:10:10.890,1.50688,1.50717,1.00,1.00
2016.11.17 05:10:16.602,1.50689,1.50717,1.00,1.00
2016.11.17 05:10:19.235,1.50688,1.50717,1.50,1.00
2016.11.17 05:10:19.406,1.50686,1.50717,1.00,1.00
2016.11.17 05:10:19.456,1.50694,1.50717,1.00,1.00
2016.11.17 05:10:23.029,1.50694,1.50713,1.00,1.00
2016.11.17 05:10:23.259,1.50685,1.50713,1.00,1.00
2016.11.17 05:10:23.460,1.50684,1.50711,1.00,1.00
2016.11.17 05:10:23.762,1.50683,1.50709,1.00,1.00
2016.11.17 05:10:24.311,1.50684,1.50709,1.00,1.00
2016.11.17 05:10:25.120,1.50684,1.50708,1.00,1.00
2016.11.17 05:10:25.624,1.50684,1.50714,1.00,1.00
2016.11.17 05:10:25.725,1.50687,1.50718,1.00,1.00
2016.11.17 05:10:25.926,1.50689,1.50718,1.00,1.00
2016.11.17 05:10:26.051,1.50687,1.50718,1.00,1.00
2016.11.17 05:10:26.152,1.50686,1.50715,1.00,1.00
2016.11.17 05:10:26.213,1.50684,1.50715,1.50,1.00
2016.11.17 05:10:28.759,1.50693,1.50715,1.00,1.00
2016.11.17 05:10:29.059,1.50687,1.50715,1.00,1.00
2016.11.17 05:10:30.232,1.50685,1.50715,1.00,1.00
2016.11.17 05:10:30.383,1.50694,1.50715,1.00,1.00
2016.11.17 05:10:31.650,1.50694,1.50711,1.00,1.00
2016.11.17 05:10:32.164,1.50693,1.50711,1.00,1.00
2016.11.17 05:10:36.034,1.50693,1.5071,1.00,1.00
2016.11.17 05:10:36.771,1.50694,1.50714,1.00,1.00
2016.11.17 05:10:36.872,1.50687,1.50714,1.00,1.00
2016.11.17 05:10:37.042,1.50693,1.50714,1.00,1.00
2016.11.17 05:10:37.565,1.50694,1.50714,1.00,1.00
2016.11.17 05:10:37.898,1.50694,1.50712,1.00,1.00
2016.11.17 05:10:38.071,1.50694,1.50716,1.00,1.00
2016.11.17 05:10:38.853,1.50694,1.5071,1.00,1.00
2016.11.17 05:10:39.111,1.50683,1.5071,1.00,1.00
2016.11.17 05:10:39.161,1.50683,1.50708,1.00,1.00
2016.11.17 05:10:39.463,1.50683,1.50706,1.00,1.00
2016.11.17 05:10:40.241,1.50683,1.50704,1.00,1.00
2016.11.17 05:10:40.758,1.50683,1.50705,1.00,1.00
2016.11.17 05:10:43.377,1.50683,1.50704,1.00,1.00
2016.11.17 05:10:44.747,1.50683,1.50705,1.00,1.00
2016.11.17 05:10:45.272,1.50684,1.50706,1.00,1.00
2016.11.17 05:10:45.592,1.50684,1.50704,1.00,1.00
2016.11.17 05:10:45.859,1.50684,1.50706,1.00,1.00
2016.11.17 05:10:46.512,1.50684,1.50707,1.00,1.00
2016.11.17 05:10:47.186,1.50684,1.50706,1.00,1.00
2016.11.17 05:10:50.962,1.50684,1.50705,1.00,1.00
2016.11.17 05:10:52.285,1.50684,1.50706,1.00,1.00
2016.11.17 05:10:54.824,1.50683,1.50706,1.00,1.00
2016.11.17 05:10:54.875,1.50683,1.50704,1.00,1.00
2016.11.17 05:10:55.563,1.50683,1.50705,1.00,1.00
2016.11.17 05:10:56.327,1.50684,1.50705,1.00,1.00
2016.11.17 05:10:56.499,1.50684,1.50707,1.00,1.00
2016.11.17 05:10:57.392,1.50684,1.50709,1.00,1.00
2016.11.17 05:10:59.769,1.50684,1.50707,1.00,1.00
2016.11.17 05:11:08.926,1.50684,1.50706,1.00,1.00
2016.11.17 05:11:09.311,1.50684,1.50703,1.00,1.00
2016.11.17 05:11:10.001,1.50684,1.50704,1.00,1.00
2016.11.17 05:11:15.291,1.50684,1.50705,1.00,1.00
2016.11.17 05:11:16.445,1.50684,1.50706,1.00,1.00
2016.11.17 05:11:19.398,1.50684,1.50704,1.00,1.00
2016.11.17 05:11:20.442,1.50684,1.50705,1.00,1.00
2016.11.17 05:11:23.505,1.50684,1.50704,1.00,1.00
2016.11.17 05:11:24.007,1.50684,1.50705,1.00,1.00
2016.11.17 05:11:25.510,1.50684,1.50706,1.00,1.00
2016.11.17 05:11:27.538,1.50684,1.50704,1.00,1.00
2016.11.17 05:11:29.136,1.50683,1.50704,1.00,1.00
2016.11.17 05:11:32.223,1.50683,1.50706,1.00,1.00
2016.11.17 05:11:32.430,1.50683,1.50704,1.00,1.00
2016.11.17 05:11:33.224,1.50683,1.50706,1.00,1.00
2016.11.17 05:11:33.935,1.50684,1.50706,1.00,1.00
2016.11.17 05:11:39.338,1.50683,1.50706,1.00,1.00
2016.11.17 05:11:40.289,1.50684,1.50706,1.00,1.00
2016.11.17 05:11:41.966,1.50684,1.50707,1.00,1.00
2016.11.17 05:11:44.842,1.50684,1.50706,1.00,1.00
2016.11.17 05:11:48.090,1.50684,1.50707,1.00,1.00
2016.11.17 05:11:48.618,1.50683,1.50706,1.00,1.00
2016.11.17 05:11:49.089,1.50684,1.50708,1.00,1.00
2016.11.17 05:11:51.159,1.50684,1.50705,1.00,1.00
2016.11.17 05:11:55.066,1.50684,1.50707,1.00,1.00
2016.11.17 05:11:59.770,1.50683,1.50707,1.00,1.00
2016.11.17 05:11:59.878,1.50683,1.50705,1.00,1.00
2016.11.17 05:12:01.462,1.50684,1.50705,1.00,1.00
2016.11.17 05:12:03.082,1.50684,1.50704,1.00,1.00
2016.11.17 05:12:05.466,1.50683,1.50704,1.00,1.00
2016.11.17 05:12:05.866,1.50677,1.50704,1.00,1.00
2016.11.17 05:12:06.543,1.50677,1.50705,1.00,1.00
2016.11.17 05:12:08.755,1.50676,1.50705,1.00,1.00
2016.11.17 05:12:09.399,1.50676,1.50704,1.00,1.00
2016.11.17 05:12:09.836,1.50674,1.50703,1.00,1.00
2016.11.17 05:12:10.601,1.50674,1.50702,1.00,1.00
2016.11.17 05:12:10.701,1.50674,1.50704,1.00,1.00
2016.11.17 05:12:14.612,1.50675,1.50706,1.00,1.00
2016.11.17 05:12:15.717,1.50676,1.50707,1.00,1.00
2016.11.17 05:12:16.753,1.50676,1.50705,1.00,1.00
2016.11.17 05:12:21.418,1.50676,1.50704,1.00,1.00
2016.11.17 05:12:22.421,1.50676,1.50703,1.00,1.00
2016.11.17 05:12:23.049,1.50675,1.50703,1.00,1.00
2016.11.17 05:12:25.427,1.50675,1.50704,1.00,1.00
2016.11.17 05:12:26.429,1.50674,1.50704,1.00,1.00
2016.11.17 05:12:33.391,1.50673,1.50704,1.50,1.00
2016.11.17 05:12:34.009,1.50673,1.50702,1.50,1.00
2016.11.17 05:12:34.634,1.50674,1.50702,1.00,1.00
2016.11.17 05:12:36.482,1.50674,1.50701,1.00,1.00
2016.11.17 05:12:36.988,1.50673,1.507,1.50,1.00
2016.11.17 05:12:37.542,1.50674,1.507,1.00,1.00
2016.11.17 05:12:37.684,1.50674,1.50703,1.00,1.00
2016.11.17 05:12:37.785,1.50677,1.50706,1.00,1.00
2016.11.17 05:12:38.202,1.50684,1.50706,1.00,1.00
2016.11.17 05:12:38.724,1.50684,1.50707,1.00,1.00
2016.11.17 05:12:39.263,1.50683,1.50708,1.00,1.00
2016.11.17 05:12:40.133,1.50684,1.50708,1.00,1.00
2016.11.17 05:12:40.811,1.50684,1.50705,1.00,1.00
2016.11.17 05:12:41.911,1.50684,1.50704,1.00,1.00
2016.11.17 05:12:42.107,1.50676,1.50705,1.50,1.00
2016.11.17 05:12:43.232,1.50684,1.50705,1.00,1.00
2016.11.17 05:12:43.983,1.50684,1.50704,1.00,1.00
2016.11.17 05:12:44.490,1.50684,1.50703,1.00,1.00
2016.11.17 05:12:51.291,1.50684,1.50702,1.00,1.00
2016.11.17 05:12:53.720,1.50674,1.50702,1.50,1.00
2016.11.17 05:12:55.498,1.50674,1.50703,1.00,1.00
2016.11.17 05:12:56.039,1.50673,1.50702,1.00,1.00
2016.11.17 05:13:00.006,1.50673,1.507,1.00,1.00
2016.11.17 05:13:00.579,1.50683,1.50707,1.00,1.00
2016.11.17 05:13:03.848,1.50684,1.50707,1.00,1.00
2016.11.17 05:13:06.635,1.50684,1.5071,1.00,1.12
2016.11.17 05:13:06.836,1.50684,1.50708,1.00,1.00
2016.11.17 05:13:07.168,1.50681,1.50712,1.00,1.75
2016.11.17 05:13:07.269,1.50684,1.50707,1.00,1.00
2016.11.17 05:13:08.648,1.50683,1.50707,1.00,1.00
2016.11.17 05:13:09.208,1.50684,1.50707,1.00,1.00
2016.11.17 05:13:09.259,1.50684,1.5071,1.00,1.00
2016.11.17 05:13:09.842,1.50684,1.50709,1.00,1.00
2016.11.17 05:13:10.044,1.50684,1.50711,1.00,1.00
2016.11.17 05:13:10.644,1.50683,1.50711,1.00,1.00
2016.11.17 05:13:11.484,1.50684,1.5071,1.00,1.00
2016.11.17 05:13:11.659,1.50685,1.50714,1.00,1.00
2016.11.17 05:13:12.677,1.50686,1.50716,1.00,1.00
2016.11.17 05:13:12.889,1.50686,1.50713,1.00,1.00
2016.11.17 05:13:13.151,1.50685,1.50716,1.50,1.00
2016.11.17 05:13:13.352,1.50688,1.50717,1.00,1.00
2016.11.17 05:13:13.806,1.50693,1.50718,1.00,1.00
2016.11.17 05:13:13.907,1.5069,1.50718,1.00,1.00
2016.11.17 05:13:13.958,1.5069,1.50716,1.00,1.00
2016.11.17 05:13:14.603,1.50694,1.50716,1.00,1.00
2016.11.17 05:13:15.123,1.50694,1.50717,1.00,1.00
2016.11.17 05:13:15.956,1.50694,1.50716,1.00,1.00
2016.11.17 05:13:19.258,1.50691,1.50716,1.00,1.00
2016.11.17 05:13:19.411,1.50688,1.50716,1.00,1.00
2016.11.17 05:13:20.011,1.5069,1.50716,1.00,1.00
2016.11.17 05:13:22.859,1.50692,1.50716,1.00,1.00
2016.11.17 05:13:22.910,1.50694,1.50719,1.00,1.00
2016.11.17 05:13:23.489,1.50694,1.50712,1.00,1.00
2016.11.17 05:13:23.660,1.50685,1.50712,1.00,1.00
2016.11.17 05:13:23.811,1.50694,1.50712,1.00,1.00
2016.11.17 05:13:23.912,1.50683,1.50712,1.50,1.00
2016.11.17 05:13:24.469,1.50683,1.5071,1.50,1.00
2016.11.17 05:13:25.400,1.50684,1.50713,1.00,1.00
2016.11.17 05:13:25.451,1.50686,1.50713,1.00,1.00
2016.11.17 05:13:25.623,1.50684,1.50713,1.50,1.00
2016.11.17 05:13:25.674,1.50684,1.50711,1.50,1.00
2016.11.17 05:13:30.933,1.50684,1.5071,1.00,1.00
2016.11.17 05:13:31.883,1.50683,1.5071,1.00,1.00
2016.11.17 05:13:32.035,1.50687,1.50717,1.00,1.00
2016.11.17 05:13:33.712,1.50687,1.50718,1.50,1.00
2016.11.17 05:13:34.231,1.50686,1.50714,1.00,1.00
2016.11.17 05:13:35.096,1.50686,1.50715,1.50,1.00
2016.11.17 05:13:39.382,1.50694,1.50715,1.00,1.00
2016.11.17 05:13:40.504,1.50694,1.50716,1.00,1.00
2016.11.17 05:13:50.843,1.50684,1.50712,1.50,1.00
2016.11.17 05:13:53.140,1.50684,1.50711,1.00,1.00
2016.11.17 05:13:54.640,1.50686,1.50714,1.00,1.00
2016.11.17 05:13:54.741,1.50684,1.50711,1.50,1.00
2016.11.17 05:13:55.659,1.50684,1.5071,1.50,1.00
2016.11.17 05:13:56.633,1.50684,1.50711,1.50,1.00
2016.11.17 05:13:57.503,1.50683,1.50711,1.50,1.00
2016.11.17 05:13:58.235,1.50684,1.50711,1.00,1.00
2016.11.17 05:13:58.884,1.50683,1.50712,1.00,1.00
2016.11.17 05:13:59.554,1.50684,1.50712,1.00,1.00
2016.11.17 05:14:00.359,1.50684,1.50711,1.00,1.00
2016.11.17 05:14:01.143,1.50683,1.50711,1.00,1.00
2016.11.17 05:14:02.910,1.50693,1.50711,1.00,1.00
2016.11.17 05:14:04.033,1.50683,1.50711,1.00,1.00
2016.11.17 05:14:06.449,1.50683,1.50712,1.00,1.00
2016.11.17 05:14:10.216,1.50684,1.50712,1.00,1.00
2016.11.17 05:14:10.656,1.50684,1.5071,1.00,1.00
2016.11.17 05:14:11.287,1.50684,1.50711,1.00,1.00
2016.11.17 05:14:15.161,1.50684,1.5071,1.00,1.00
2016.11.17 05:14:21.669,1.50684,1.50711,1.00,1.00
2016.11.17 05:14:25.692,1.50684,1.5071,1.00,1.00
2016.11.17 05:14:26.006,1.50684,1.50706,1.00,1.00
2016.11.17 05:14:26.158,1.50675,1.50706,1.00,1.00
2016.11.17 05:14:26.208,1.50673,1.50703,2.25,1.00
2016.11.17 05:14:26.981,1.50676,1.50703,1.00,1.00
2016.11.17 05:14:27.546,1.50676,1.50702,1.00,1.00
2016.11.17 05:14:28.999,1.50674,1.50702,1.50,1.00
2016.11.17 05:14:29.236,1.50683,1.50702,1.00,1.00
2016.11.17 05:14:30.187,1.50683,1.50703,1.00,1.00
2016.11.17 05:14:31.839,1.50683,1.50701,1.00,1.00
2016.11.17 05:14:33.058,1.50674,1.50701,1.00,1.00
2016.11.17 05:14:33.109,1.50674,1.50703,1.50,1.00
2016.11.17 05:14:34.341,1.50684,1.50703,1.00,1.00
2016.11.17 05:14:39.747,1.50674,1.50703,1.50,1.00
2016.11.17 05:14:42.750,1.50684,1.50703,1.00,1.00
2016.11.17 05:14:42.951,1.50674,1.50703,1.00,1.00
2016.11.17 05:14:43.355,1.50676,1.50704,1.00,1.00
2016.11.17 05:14:43.873,1.50684,1.50705,1.00,1.00
2016.11.17 05:14:44.414,1.50684,1.50706,1.00,1.00
2016.11.17 05:14:44.566,1.50677,1.50706,1.50,1.00
2016.11.17 05:14:44.667,1.50674,1.50703,1.00,1.00
2016.11.17 05:14:44.993,1.50683,1.50703,1.00,1.00
2016.11.17 05:14:45.573,1.50683,1.50704,1.00,1.00
2016.11.17 05:14:46.322,1.50683,1.50703,1.00,1.00
2016.11.17 05:14:52.484,1.50674,1.50703,1.00,1.00
2016.11.17 05:14:53.331,1.50675,1.50703,1.00,1.00
2016.11.17 05:14:53.465,1.50683,1.50703,1.00,1.00
2016.11.17 05:14:56.056,1.50683,1.50706,1.00,1.00
2016.11.17 05:14:57.217,1.50684,1.50706,1.00,1.00
2016.11.17 05:14:58.225,1.50683,1.50707,1.00,1.00
2016.11.17 05:15:00.459,1.50683,1.50706,1.00,1.00
2016.11.17 05:15:00.611,1.50675,1.50706,1.00,1.00
2016.11.17 05:15:05.677,1.50683,1.50706,1.00,1.00
2016.11.17 05:15:11.071,1.50683,1.50707,1.00,1.00
2016.11.17 05:15:11.581,1.50684,1.50707,1.00,1.00
2016.11.17 05:15:12.549,1.50684,1.50706,1.00,1.00
2016.11.17 05:15:15.280,1.50684,1.50708,1.00,1.00
2016.11.17 05:15:17.689,1.50683,1.50708,1.00,1.00
2016.11.17 05:15:20.400,1.50684,1.50708,1.00,1.00
2016.11.17 05:15:22.553,1.50683,1.50708,1.00,1.00
2016.11.17 05:15:25.915,1.50683,1.50705,1.00,1.00
2016.11.17 05:15:26.971,1.50683,1.50707,1.00,1.00
2016.11.17 05:15:29.712,1.50683,1.50705,1.00,1.00
2016.11.17 05:15:30.357,1.50683,1.50704,1.00,1.00
2016.11.17 05:15:30.888,1.50684,1.50704,1.00,1.00
2016.11.17 05:15:31.503,1.50683,1.50704,1.00,1.00
2016.11.17 05:15:34.825,1.50683,1.50706,1.00,1.00
2016.11.17 05:15:38.810,1.50684,1.50706,1.00,1.00
2016.11.17 05:15:39.656,1.50684,1.50705,1.00,1.00
2016.11.17 05:15:41.138,1.50684,1.50706,1.00,1.00
2016.11.17 05:15:54.265,1.50683,1.5071,1.00,1.00
2016.11.17 05:15:54.827,1.50679,1.5071,1.00,1.00
2016.11.17 05:15:55.263,1.50681,1.50709,1.00,1.00
2016.11.17 05:15:56.266,1.5068,1.50709,1.00,1.00
2016.11.17 05:15:56.807,1.50683,1.50709,1.00,1.00
2016.11.17 05:15:59.283,1.50683,1.50711,1.00,1.00
2016.11.17 05:15:59.790,1.50685,1.50714,1.00,1.00
2016.11.17 05:16:00.421,1.50686,1.50714,1.00,1.00
2016.11.17 05:16:01.218,1.50688,1.50717,1.00,1.00
2016.11.17 05:16:01.268,1.50694,1.50717,1.00,1.00
2016.11.17 05:16:02.836,1.50688,1.50717,1.00,1.00
2016.11.17 05:16:03.437,1.50694,1.50717,1.00,1.00
2016.11.17 05:16:04.839,1.50688,1.50717,1.00,1.00
2016.11.17 05:16:05.695,1.50686,1.50715,1.00,1.00
2016.11.17 05:16:06.042,1.50688,1.50715,1.00,1.00
2016.11.17 05:16:06.385,1.50688,1.50718,1.00,1.00
2016.11.17 05:16:10.894,1.50688,1.50717,1.00,1.00
2016.11.17 05:16:11.896,1.50688,1.50716,1.00,1.00
2016.11.17 05:16:17.252,1.50694,1.50716,1.00,1.00
2016.11.17 05:16:19.554,1.50688,1.50716,1.00,1.00
2016.11.17 05:16:21.711,1.50688,1.50717,1.00,1.00
2016.11.17 05:16:24.159,1.50693,1.50717,1.00,1.00
2016.11.17 05:16:32.166,1.50694,1.50717,1.00,1.00
2016.11.17 05:16:36.770,1.50693,1.50717,1.00,1.00
2016.11.17 05:16:52.992,1.50693,1.50716,1.00,1.00
2016.11.17 05:16:53.236,1.50686,1.50716,1.00,1.00
2016.11.17 05:17:01.040,1.50694,1.50716,1.00,1.00
2016.11.17 05:17:08.338,1.50686,1.50716,1.00,1.00
2016.11.17 05:17:11.241,1.50693,1.50716,1.00,1.00
2016.11.17 05:17:21.352,1.50694,1.50716,1.00,1.00
2016.11.17 05:17:22.363,1.50693,1.50716,1.00,1.00
2016.11.17 05:17:26.321,1.50693,1.50717,1.00,1.00
2016.11.17 05:17:29.090,1.50688,1.50717,1.00,1.00
2016.11.17 05:17:30.558,1.50686,1.50715,1.50,1.00
2016.11.17 05:17:31.680,1.50686,1.50713,1.00,1.00
2016.11.17 05:17:32.032,1.50683,1.50713,1.00,1.00
2016.11.17 05:17:34.709,1.50684,1.50713,1.00,1.00
2016.11.17 05:17:38.581,1.50683,1.50713,1.00,1.00
2016.11.17 05:17:46.942,1.50685,1.50713,1.00,1.00
2016.11.17 05:17:46.993,1.50691,1.5072,1.00,1.00
2016.11.17 05:17:47.086,1.50693,1.50724,1.00,1.00
2016.11.17 05:17:47.187,1.50697,1.50726,1.00,1.00
2016.11.17 05:17:47.662,1.50698,1.50728,1.00,1.00
2016.11.17 05:17:48.564,1.50699,1.50728,1.00,1.00
2016.11.17 05:17:48.991,1.50704,1.50728,1.00,1.00
2016.11.17 05:17:50.923,1.50703,1.50728,1.00,1.00
2016.11.17 05:17:51.226,1.50704,1.50726,1.00,1.00
2016.11.17 05:17:51.327,1.50697,1.50726,1.50,1.00
2016.11.17 05:17:51.487,1.50703,1.50726,1.00,1.00
2016.11.17 05:18:00.628,1.50703,1.50728,1.00,1.00
2016.11.17 05:18:01.185,1.50704,1.50728,1.00,1.00
2016.11.17 05:18:09.619,1.50704,1.5073,1.00,1.00
2016.11.17 05:18:10.054,1.50704,1.50733,1.50,1.00
2016.11.17 05:18:10.538,1.50704,1.5073,1.00,1.00
2016.11.17 05:18:11.088,1.50703,1.5073,1.00,1.00
2016.11.17 05:18:11.782,1.50704,1.5073,1.00,1.00
2016.11.17 05:18:17.583,1.50705,1.50733,1.00,1.00
2016.11.17 05:18:17.863,1.50714,1.50733,1.00,1.00
2016.11.17 05:18:18.782,1.50713,1.50732,1.00,1.00
2016.11.17 05:18:22.621,1.50714,1.50732,1.00,1.00
2016.11.17 05:18:23.061,1.50704,1.50731,1.00,1.00
2016.11.17 05:18:27.985,1.50704,1.50729,1.00,1.00
2016.11.17 05:18:30.683,1.50704,1.50728,1.00,1.00
2016.11.17 05:18:36.245,1.50703,1.50728,1.00,1.00
2016.11.17 05:18:36.547,1.50704,1.50724,1.00,1.00
2016.11.17 05:18:37.042,1.50696,1.50724,1.00,1.00
2016.11.17 05:18:37.395,1.50694,1.50723,2.25,1.00
2016.11.17 05:18:37.606,1.50696,1.50723,1.00,1.00
2016.11.17 05:18:39.476,1.50694,1.50723,2.25,1.00
2016.11.17 05:18:39.877,1.50704,1.50726,1.00,1.00
2016.11.17 05:18:40.079,1.50697,1.50726,1.50,1.00
2016.11.17 05:18:41.241,1.50703,1.50726,1.00,1.00
2016.11.17 05:18:41.451,1.50697,1.50726,1.50,1.00
2016.11.17 05:18:42.280,1.50697,1.50725,1.50,1.00
2016.11.17 05:18:47.562,1.50703,1.50725,1.00,1.00
2016.11.17 05:18:50.642,1.50703,1.50726,1.00,1.00
2016.11.17 05:18:50.693,1.50694,1.50726,1.50,1.00
2016.11.17 05:18:50.743,1.50694,1.50723,1.50,1.00
2016.11.17 05:18:51.067,1.50703,1.50723,1.00,1.00
2016.11.17 05:18:51.383,1.50693,1.5072,1.50,1.00
2016.11.17 05:18:51.982,1.50694,1.5072,1.00,1.00
2016.11.17 05:18:52.558,1.50694,1.50721,1.00,1.00
2016.11.17 05:18:53.200,1.50694,1.50722,1.00,1.00
2016.11.17 05:18:59.714,1.50694,1.50723,1.50,1.00
2016.11.17 05:19:00.265,1.50694,1.50722,1.00,1.00
2016.11.17 05:19:00.661,1.50704,1.50722,1.00,1.00
2016.11.17 05:19:03.851,1.50704,1.50725,1.00,1.00
2016.11.17 05:19:04.357,1.50704,1.50726,1.00,1.00
2016.11.17 05:19:05.166,1.50704,1.50725,1.00,1.00
2016.11.17 05:19:07.024,1.50704,1.50724,1.00,1.00
2016.11.17 05:19:15.782,1.50704,1.50726,1.00,1.00
2016.11.17 05:19:17.878,1.50703,1.50726,1.00,1.00
2016.11.17 05:19:22.683,1.50704,1.50726,1.00,1.00
2016.11.17 05:19:30.226,1.50703,1.50726,1.00,1.00
2016.11.17 05:19:36.496,1.50704,1.50726,1.00,1.00
2016.11.17 05:19:40.291,1.50704,1.50723,1.00,1.00
2016.11.17 05:19:40.341,1.50695,1.50723,1.00,1.00
2016.11.17 05:19:49.117,1.50695,1.50724,1.00,1.00
2016.11.17 05:19:49.631,1.50694,1.50725,1.50,1.00
2016.11.17 05:19:50.222,1.50697,1.50728,1.00,1.00
2016.11.17 05:19:50.715,1.50699,1.5073,1.00,1.00
2016.11.17 05:19:57.237,1.507,1.50731,1.00,1.00
2016.11.17 05:19:57.600,1.50702,1.50731,1.00,1.00
2016.11.17 05:19:58.305,1.50701,1.50731,1.00,1.00
2016.11.17 05:20:00.857,1.50699,1.5073,1.00,1.00
2016.11.17 05:20:06.651,1.507,1.50728,1.00,1.00
2016.11.17 05:20:08.365,1.50703,1.50728,1.00,1.00
2016.11.17 05:20:08.466,1.50703,1.50731,1.00,1.00
2016.11.17 05:20:08.567,1.50703,1.50733,1.00,1.00
2016.11.17 05:20:11.333,1.50703,1.50731,1.50,1.00
2016.11.17 05:20:13.687,1.50704,1.50731,1.00,1.00
2016.11.17 05:20:15.186,1.50703,1.50731,1.00,1.00
2016.11.17 05:20:15.963,1.50703,1.5073,1.00,1.00
2016.11.17 05:20:16.287,1.50704,1.50727,1.00,1.00
2016.11.17 05:20:16.812,1.50703,1.50727,1.00,1.00
2016.11.17 05:20:18.149,1.50703,1.50728,1.00,1.00
2016.11.17 05:20:19.649,1.50704,1.50728,1.00,1.00
2016.11.17 05:20:24.597,1.50703,1.50731,1.00,1.00
2016.11.17 05:20:24.854,1.50713,1.50731,1.00,1.00
2016.11.17 05:20:24.968,1.50704,1.50731,1.00,1.00
2016.11.17 05:20:26.665,1.50704,1.5073,1.00,1.00
2016.11.17 05:20:28.687,1.50703,1.5073,1.00,1.00
2016.11.17 05:20:29.760,1.50704,1.5073,1.00,1.00
2016.11.17 05:20:30.884,1.50704,1.50729,1.00,1.00
2016.11.17 05:20:36.167,1.50703,1.50729,1.00,1.00
2016.11.17 05:20:36.703,1.50703,1.50728,1.00,1.00
2016.11.17 05:20:37.209,1.50704,1.50728,1.00,1.00
2016.11.17 05:20:37.977,1.50704,1.50727,1.00,1.00
2016.11.17 05:20:41.733,1.50704,1.50729,1.00,1.00
2016.11.17 05:20:54.561,1.50703,1.50729,1.00,1.00
2016.11.17 05:20:56.221,1.50704,1.50729,1.00,1.00
2016.11.17 05:21:03.073,1.50704,1.5073,1.00,1.00
2016.11.17 05:21:04.664,1.50705,1.50734,1.00,1.00
2016.11.17 05:21:04.834,1.50707,1.50738,1.00,1.00
2016.11.17 05:21:05.086,1.5071,1.50738,1.00,1.00
2016.11.17 05:21:05.388,1.50713,1.50739,1.00,1.00
2016.11.17 05:21:05.439,1.5071,1.50739,1.00,1.00
2016.11.17 05:21:05.590,1.50706,1.50736,1.00,1.00
2016.11.17 05:21:05.691,1.50704,1.50733,1.50,1.00
2016.11.17 05:21:06.061,1.50705,1.50735,1.00,1.00
2016.11.17 05:21:06.658,1.50704,1.50734,1.50,1.00
2016.11.17 05:21:10.262,1.5071,1.50739,1.00,1.00
2016.11.17 05:21:10.364,1.50711,1.50742,1.00,1.12
2016.11.17 05:21:10.717,1.50714,1.50742,1.00,1.00
2016.11.17 05:21:10.767,1.50717,1.50751,1.00,1.50
2016.11.17 05:21:10.868,1.50721,1.50751,1.00,1.50
2016.11.17 05:21:11.070,1.50718,1.50749,1.00,1.00
2016.11.17 05:21:11.787,1.50718,1.50746,1.00,1.00
2016.11.17 05:21:15.510,1.50724,1.50746,1.00,1.00
2016.11.17 05:21:16.191,1.50724,1.50745,1.00,1.00
2016.11.17 05:21:21.518,1.50723,1.50745,1.00,1.00
2016.11.17 05:21:26.810,1.50723,1.50747,1.00,1.00
2016.11.17 05:21:29.366,1.50724,1.50747,1.00,1.00
2016.11.17 05:21:29.467,1.50716,1.50747,1.00,1.00
2016.11.17 05:21:29.848,1.50724,1.50747,1.00,1.00
2016.11.17 05:21:39.093,1.50723,1.50747,1.00,1.00
2016.11.17 05:21:44.185,1.50717,1.50747,1.00,1.00
2016.11.17 05:21:45.008,1.50716,1.50747,1.50,1.00
2016.11.17 05:21:45.260,1.50723,1.50747,1.00,1.00
2016.11.17 05:21:45.343,1.50716,1.50747,1.50,1.00
2016.11.17 05:21:50.712,1.50718,1.50747,1.00,1.00
2016.11.17 05:21:51.591,1.50724,1.50747,1.00,1.00
2016.11.17 05:21:52.651,1.50718,1.50747,1.00,1.00
2016.11.17 05:21:53.463,1.50724,1.50754,1.00,1.00
2016.11.17 05:21:53.732,1.50726,1.50754,1.00,1.00
2016.11.17 05:21:53.783,1.50731,1.5076,1.00,1.00
2016.11.17 05:21:53.885,1.50727,1.50755,1.00,1.00
2016.11.17 05:21:54.087,1.50719,1.50748,1.00,1.00
2016.11.17 05:21:54.138,1.50717,1.50748,1.00,1.00
2016.11.17 05:21:54.440,1.50719,1.50748,1.00,1.00
2016.11.17 05:21:54.659,1.50716,1.50748,1.00,1.00
2016.11.17 05:21:54.760,1.50718,1.50748,1.00,1.00
2016.11.17 05:21:55.070,1.50723,1.50748,1.00,1.00
2016.11.17 05:21:56.096,1.50723,1.50749,1.00,1.00
2016.11.17 05:21:57.051,1.50723,1.50748,1.00,1.00
2016.11.17 05:21:58.487,1.50724,1.50748,1.00,1.00
2016.11.17 05:22:06.410,1.50718,1.50746,1.00,1.00
2016.11.17 05:22:06.645,1.50715,1.50745,1.00,1.00
2016.11.17 05:22:07.208,1.50714,1.50745,1.50,1.00
2016.11.17 05:22:07.366,1.50714,1.50743,1.00,1.00
2016.11.17 05:22:09.299,1.50713,1.50743,1.50,1.00
2016.11.17 05:22:11.107,1.50714,1.50743,1.00,1.00
2016.11.17 05:22:11.609,1.50714,1.50742,1.00,1.00
2016.11.17 05:22:11.909,1.50714,1.50744,1.50,1.00
2016.11.17 05:22:14.695,1.50714,1.50743,1.00,1.00
2016.11.17 05:22:22.191,1.50714,1.5074,1.00,1.00
2016.11.17 05:22:22.494,1.50713,1.50738,1.00,1.00
2016.11.17 05:22:22.609,1.50704,1.50731,1.00,1.00
2016.11.17 05:22:23.141,1.50703,1.50731,1.00,1.00
2016.11.17 05:22:23.509,1.50704,1.50736,1.50,1.00
2016.11.17 05:22:23.610,1.50704,1.50734,1.00,1.00
2016.11.17 05:22:24.193,1.50703,1.50734,1.50,1.00
2016.11.17 05:22:25.696,1.50704,1.50734,1.00,1.00
2016.11.17 05:22:26.932,1.50705,1.50733,1.00,1.00
2016.11.17 05:22:28.490,1.50705,1.50735,1.00,1.00
2016.11.17 05:22:29.635,1.50703,1.50733,1.00,1.00
2016.11.17 05:22:29.937,1.50703,1.50728,1.00,1.00
2016.11.17 05:22:30.393,1.50703,1.5073,1.00,1.00
2016.11.17 05:22:31.116,1.50703,1.50731,1.00,1.00
2016.11.17 05:22:32.434,1.50703,1.50732,1.00,1.00
2016.11.17 05:22:33.010,1.50704,1.50732,1.00,1.00
2016.11.17 05:22:33.397,1.50704,1.5073,1.00,1.00
2016.11.17 05:22:37.809,1.50704,1.50731,1.00,1.00
2016.11.17 05:22:38.128,1.50704,1.50729,1.00,1.00
2016.11.17 05:22:38.412,1.50696,1.50726,1.00,1.00
2016.11.17 05:22:38.514,1.50694,1.50724,1.50,1.00
2016.11.17 05:22:46.164,1.50694,1.5072,1.00,1.00
2016.11.17 05:22:52.522,1.50694,1.50722,1.00,1.00
2016.11.17 05:22:57.027,1.50694,1.5072,1.00,1.00
2016.11.17 05:23:04.308,1.50691,1.5072,1.00,1.00
2016.11.17 05:23:06.032,1.50693,1.5072,1.00,1.00
2016.11.17 05:23:12.083,1.50693,1.50722,1.00,1.00
2016.11.17 05:23:14.962,1.50693,1.50724,1.00,1.00
2016.11.17 05:23:16.164,1.50693,1.50722,1.50,1.00
2016.11.17 05:23:21.582,1.50693,1.5072,1.00,1.00
2016.11.17 05:23:22.611,1.50693,1.50721,1.00,1.00
2016.11.17 05:23:26.910,1.50693,1.50724,1.50,1.00
2016.11.17 05:23:27.021,1.50696,1.50726,1.00,1.00
2016.11.17 05:23:27.428,1.50703,1.50726,1.00,1.00
2016.11.17 05:23:28.033,1.50703,1.50727,1.00,1.00
2016.11.17 05:23:31.233,1.50703,1.50725,1.00,1.00
2016.11.17 05:23:31.541,1.50703,1.50729,1.00,1.00
2016.11.17 05:23:31.805,1.50703,1.50732,1.00,1.00
2016.11.17 05:23:32.592,1.50704,1.50732,1.00,1.00
2016.11.17 05:23:36.585,1.50703,1.50732,1.00,1.00
2016.11.17 05:23:36.635,1.50703,1.50728,1.00,1.00
2016.11.17 05:23:37.464,1.50703,1.50727,1.00,1.00
2016.11.17 05:23:37.965,1.50703,1.50726,1.00,1.00
2016.11.17 05:23:42.025,1.50703,1.50725,1.00,1.00
2016.11.17 05:23:44.850,1.50703,1.50723,1.00,1.00
2016.11.17 05:23:46.230,1.50703,1.50724,1.00,1.00
2016.11.17 05:23:55.060,1.50696,1.50724,1.00,1.00
2016.11.17 05:23:58.963,1.50703,1.50724,1.00,1.00
2016.11.17 05:24:01.067,1.50696,1.50724,1.00,1.00
2016.11.17 05:24:01.614,1.50695,1.50724,1.00,1.00
2016.11.17 05:24:02.489,1.50694,1.50724,1.50,1.00
2016.11.17 05:24:06.693,1.50695,1.50724,1.00,1.00
2016.11.17 05:24:07.596,1.50694,1.50723,1.00,1.00
2016.11.17 05:24:11.689,1.50693,1.50722,2.25,1.00
2016.11.17 05:24:12.641,1.50694,1.50723,1.00,1.00
2016.11.17 05:24:14.222,1.50695,1.50724,1.00,1.00
2016.11.17 05:24:14.323,1.50693,1.50724,2.25,1.00
2016.11.17 05:24:15.120,1.50696,1.50724,1.00,1.00
2016.11.17 05:24:21.916,1.50694,1.5072,1.00,1.00
2016.11.17 05:24:22.118,1.50689,1.50717,1.00,1.00
2016.11.17 05:24:22.536,1.50694,1.50717,1.00,1.00
2016.11.17 05:24:28.033,1.50694,1.5072,1.00,1.00
2016.11.17 05:24:31.337,1.50694,1.50719,1.00,1.00
2016.11.17 05:24:31.438,1.50704,1.50719,1.00,1.00
2016.11.17 05:24:32.607,1.50694,1.50719,1.00,1.00
2016.11.17 05:24:34.658,1.50694,1.50717,1.00,1.00
2016.11.17 05:24:35.461,1.50693,1.50717,1.00,1.00
2016.11.17 05:24:35.992,1.50693,1.50716,1.00,1.00
2016.11.17 05:24:36.857,1.50693,1.50715,1.00,1.00
2016.11.17 05:24:42.141,1.50694,1.50715,1.00,1.00
2016.11.17 05:24:42.777,1.50693,1.50714,1.00,1.00
2016.11.17 05:24:46.381,1.50693,1.50717,1.00,1.00
2016.11.17 05:24:48.040,1.50694,1.50717,1.00,1.00
2016.11.17 05:24:48.141,1.50686,1.50717,1.00,1.00
2016.11.17 05:24:48.192,1.50688,1.50716,1.00,1.00
2016.11.17 05:24:48.616,1.50694,1.50716,1.00,1.00
2016.11.17 05:24:49.146,1.50694,1.50717,1.00,1.00
2016.11.17 05:24:52.798,1.50694,1.50716,1.00,1.00
2016.11.17 05:24:54.053,1.50694,1.50717,1.00,1.00
2016.11.17 05:24:55.883,1.50694,1.50722,1.00,1.00
2016.11.17 05:24:56.552,1.50693,1.50722,1.00,1.00
2016.11.17 05:24:57.093,1.50693,1.50721,1.00,1.00
2016.11.17 05:24:57.343,1.50694,1.50718,1.00,1.00
2016.11.17 05:24:58.823,1.50693,1.50718,1.00,1.00
2016.11.17 05:25:07.809,1.50693,1.5072,1.00,1.00
2016.11.17 05:25:12.078,1.50694,1.5072,1.00,1.00
2016.11.17 05:25:12.296,1.50691,1.5072,1.00,1.00
2016.11.17 05:25:12.397,1.50694,1.5072,1.00,1.00
2016.11.17 05:25:13.766,1.50691,1.5072,1.00,1.00
2016.11.17 05:25:13.817,1.50684,1.50715,1.00,1.00
2016.11.17 05:25:13.867,1.50694,1.50715,1.00,1.00
2016.11.17 05:25:13.968,1.50684,1.50715,1.00,1.00
2016.11.17 05:25:14.019,1.50684,1.50713,1.00,1.00
2016.11.17 05:25:14.321,1.50684,1.50708,1.00,1.00
2016.11.17 05:25:14.625,1.50684,1.50704,1.00,1.00
2016.11.17 05:25:14.973,1.50683,1.50702,1.00,1.00
2016.11.17 05:25:15.738,1.50683,1.50703,1.00,1.00
2016.11.17 05:25:16.394,1.50683,1.50704,1.00,1.00
2016.11.17 05:25:25.866,1.50684,1.50704,1.00,1.00
2016.11.17 05:25:27.334,1.50684,1.50706,1.00,1.00
2016.11.17 05:25:32.573,1.50683,1.50706,1.00,1.00
2016.11.17 05:25:46.559,1.50683,1.50707,1.00,1.00
2016.11.17 05:25:55.601,1.50684,1.50707,1.00,1.00
2016.11.17 05:25:55.702,1.50694,1.50709,1.00,1.00
2016.11.17 05:25:55.901,1.50683,1.50706,1.00,1.00
2016.11.17 05:25:56.572,1.50683,1.50709,1.00,1.00
2016.11.17 05:25:56.802,1.50694,1.50709,1.00,1.00
2016.11.17 05:25:57.363,1.50694,1.50711,1.00,1.00
2016.11.17 05:26:01.571,1.50694,1.5071,1.00,1.00
2016.11.17 05:26:02.761,1.50694,1.50709,1.00,1.00
2016.11.17 05:26:05.192,1.50694,1.50708,1.00,1.00
2016.11.17 05:26:05.394,1.50694,1.50706,1.00,1.00
2016.11.17 05:26:05.765,1.50694,1.50709,1.00,1.00
2016.11.17 05:26:07.883,1.50694,1.5071,1.00,1.00
2016.11.17 05:26:14.008,1.50694,1.50708,1.00,1.00
2016.11.17 05:26:16.666,1.50694,1.50707,1.00,1.00
2016.11.17 05:26:17.199,1.50694,1.50711,1.00,1.00
2016.11.17 05:26:17.289,1.50694,1.50705,1.00,1.00
2016.11.17 05:26:17.953,1.50683,1.50705,1.00,1.00
2016.11.17 05:26:19.711,1.50683,1.5071,1.00,1.00
2016.11.17 05:26:20.686,1.50683,1.50708,1.00,1.00
2016.11.17 05:26:21.687,1.50683,1.50709,1.00,1.00
2016.11.17 05:26:25.535,1.50683,1.50711,1.00,1.00
2016.11.17 05:26:26.234,1.50683,1.50707,1.00,1.00
2016.11.17 05:26:29.001,1.50683,1.50709,1.00,1.00
2016.11.17 05:26:29.996,1.50683,1.5071,1.00,1.00
2016.11.17 05:26:31.740,1.50694,1.50713,1.00,1.00
2016.11.17 05:26:31.841,1.50694,1.50715,1.00,1.00
2016.11.17 05:26:31.942,1.50684,1.50713,1.00,1.00
2016.11.17 05:26:32.600,1.50683,1.50713,1.50,1.00
2016.11.17 05:26:33.216,1.50683,1.50712,1.00,1.00
2016.11.17 05:26:33.935,1.50684,1.50712,1.00,1.00
2016.11.17 05:26:41.360,1.50683,1.50712,1.50,1.00
2016.11.17 05:26:41.461,1.50694,1.50716,1.00,1.00
2016.11.17 05:26:41.512,1.50694,1.50718,1.00,1.00
2016.11.17 05:26:41.613,1.50689,1.50721,1.00,1.00
2016.11.17 05:26:41.726,1.50694,1.50721,1.00,1.00
2016.11.17 05:26:42.533,1.50694,1.50719,1.00,1.00
2016.11.17 05:26:45.329,1.50694,1.50721,1.00,1.00
2016.11.17 05:26:45.430,1.50694,1.50723,1.00,1.00
2016.11.17 05:26:48.259,1.50694,1.50724,1.00,1.00
2016.11.17 05:26:48.859,1.50694,1.50723,1.00,1.00
2016.11.17 05:26:50.430,1.50694,1.50721,1.00,1.00
2016.11.17 05:26:50.966,1.50693,1.50722,1.00,1.00
2016.11.17 05:26:51.914,1.50694,1.50723,1.00,1.00
2016.11.17 05:26:52.418,1.50693,1.50723,1.50,1.00
2016.11.17 05:26:52.930,1.50693,1.50724,1.50,1.00
2016.11.17 05:26:53.660,1.50693,1.5072,1.00,1.00
2016.11.17 05:26:59.758,1.50694,1.5072,1.00,1.00
2016.11.17 05:27:01.680,1.50693,1.5072,1.00,1.00
2016.11.17 05:27:02.226,1.50693,1.50723,1.00,1.00
2016.11.17 05:27:02.276,1.5069,1.5072,1.00,1.00
2016.11.17 05:27:02.589,1.50694,1.5072,1.00,1.00
2016.11.17 05:27:02.640,1.5069,1.5072,1.00,1.00
2016.11.17 05:27:02.866,1.50694,1.5072,1.00,1.00
2016.11.17 05:27:03.388,1.50694,1.50723,1.00,1.00
2016.11.17 05:27:03.678,1.50694,1.5072,1.00,1.00
2016.11.17 05:27:04.975,1.50694,1.50721,1.00,1.00
2016.11.17 05:27:05.126,1.50692,1.50721,1.00,1.00
2016.11.17 05:27:05.367,1.50694,1.50721,1.00,1.00
2016.11.17 05:27:05.568,1.50692,1.50721,1.00,1.00
2016.11.17 05:27:05.720,1.50694,1.50721,1.00,1.00
2016.11.17 05:27:06.285,1.50694,1.5072,1.00,1.00
2016.11.17 05:27:07.460,1.50691,1.50719,1.00,1.00
2016.11.17 05:27:08.483,1.50689,1.5072,1.00,1.00
2016.11.17 05:27:12.335,1.50694,1.5072,1.00,1.00
2016.11.17 05:27:12.471,1.50692,1.50721,1.00,1.00
2016.11.17 05:27:14.578,1.50694,1.50721,1.00,1.00
2016.11.17 05:27:15.164,1.50693,1.50721,1.00,1.00
2016.11.17 05:27:16.408,1.50693,1.5072,1.00,1.00
2016.11.17 05:27:17.134,1.50694,1.5072,1.00,1.00
2016.11.17 05:27:17.649,1.50693,1.50719,1.00,1.00
2016.11.17 05:27:18.573,1.50693,1.50718,1.00,1.00
2016.11.17 05:27:19.521,1.50694,1.50718,1.00,1.00
2016.11.17 05:27:23.410,1.50694,1.50719,1.00,1.00
2016.11.17 05:27:24.943,1.50693,1.50719,1.00,1.00
2016.11.17 05:27:27.821,1.50693,1.50716,1.00,1.07
2016.11.17 05:27:27.872,1.50687,1.50716,1.00,1.15
2016.11.17 05:27:27.923,1.50672,1.50697,1.20,1.00
2016.11.17 05:27:28.024,1.50656,1.50686,1.75,1.00
2016.11.17 05:27:28.124,1.50663,1.50689,1.00,1.00
2016.11.17 05:27:28.226,1.50666,1.50695,1.00,1.00
2016.11.17 05:27:28.327,1.50684,1.50699,1.00,1.00
2016.11.17 05:27:28.428,1.50684,1.50705,1.00,1.00
2016.11.17 05:27:29.258,1.50674,1.50705,1.00,1.00
2016.11.17 05:27:29.359,1.50684,1.50705,1.00,1.00
2016.11.17 05:27:29.682,1.50684,1.50701,1.00,1.00
2016.11.17 05:27:29.781,1.50673,1.50701,1.50,1.00
2016.11.17 05:27:30.486,1.50673,1.50702,1.50,1.00
2016.11.17 05:27:31.528,1.50684,1.50702,1.00,1.00
2016.11.17 05:27:31.630,1.50675,1.50706,1.00,1.00
2016.11.17 05:27:33.348,1.50684,1.50706,1.00,1.00
2016.11.17 05:27:35.727,1.50684,1.50703,1.00,1.00
2016.11.17 05:27:35.829,1.50674,1.50703,1.00,1.00
2016.11.17 05:27:36.329,1.50683,1.50711,1.00,1.00
2016.11.17 05:27:36.632,1.50694,1.50712,1.00,1.00
2016.11.17 05:27:43.209,1.50694,1.50713,1.00,1.00
2016.11.17 05:27:43.543,1.50684,1.50713,1.50,1.00
2016.11.17 05:27:43.644,1.50688,1.50716,1.00,1.00
2016.11.17 05:27:43.832,1.50689,1.50719,1.00,1.00
2016.11.17 05:27:43.984,1.50694,1.50719,1.00,1.00
2016.11.17 05:27:44.534,1.50694,1.5072,1.00,1.00
2016.11.17 05:27:46.564,1.50695,1.50725,1.00,1.00
2016.11.17 05:27:46.665,1.50703,1.50725,1.00,1.00
2016.11.17 05:27:47.528,1.50703,1.50724,1.00,1.00
2016.11.17 05:27:53.085,1.50695,1.50724,1.00,1.00
2016.11.17 05:27:55.988,1.50704,1.50724,1.00,1.00
2016.11.17 05:27:56.089,1.50703,1.50726,1.00,1.00
2016.11.17 05:27:56.189,1.50703,1.50729,1.00,1.00
2016.11.17 05:27:58.987,1.50704,1.50729,1.00,1.00
2016.11.17 05:28:01.782,1.50704,1.50731,1.00,1.00
2016.11.17 05:28:02.185,1.50704,1.50728,1.00,1.00
2016.11.17 05:28:02.494,1.50699,1.50728,1.00,1.00
2016.11.17 05:28:08.667,1.50699,1.5073,1.00,1.00
2016.11.17 05:28:10.117,1.50697,1.50727,1.00,1.00
2016.11.17 05:28:11.120,1.50697,1.50728,1.00,1.00
2016.11.17 05:28:12.574,1.50698,1.50726,1.00,1.00
2016.11.17 05:28:16.307,1.50696,1.50726,1.00,1.00
2016.11.17 05:28:21.084,1.50704,1.50726,1.00,1.00
2016.11.17 05:28:27.638,1.50704,1.50727,1.00,1.00
2016.11.17 05:28:33.729,1.50704,1.50725,1.00,1.00
2016.11.17 05:28:34.205,1.50694,1.50725,1.50,1.00
2016.11.17 05:28:34.256,1.50699,1.50729,1.00,1.00
2016.11.17 05:28:34.601,1.50703,1.50729,1.00,1.00
2016.11.17 05:28:35.334,1.50704,1.50731,1.00,1.00
2016.11.17 05:28:46.028,1.50704,1.50729,1.00,1.00
2016.11.17 05:28:46.330,1.507,1.50729,1.00,1.00
2016.11.17 05:28:52.319,1.50704,1.50729,1.00,1.00
2016.11.17 05:28:52.430,1.507,1.50729,1.00,1.00
2016.11.17 05:28:52.581,1.50701,1.50732,1.00,1.00
2016.11.17 05:28:52.632,1.50704,1.50732,1.00,1.00
2016.11.17 05:28:54.052,1.50704,1.50733,1.50,1.00
2016.11.17 05:28:57.376,1.50703,1.50733,1.50,1.00
2016.11.17 05:28:58.227,1.50704,1.50733,1.00,1.00
2016.11.17 05:29:01.848,1.50704,1.50731,1.00,1.00
2016.11.17 05:29:11.777,1.50703,1.50731,1.50,1.00
2016.11.17 05:29:12.784,1.50703,1.5073,1.00,1.00
2016.11.17 05:29:17.497,1.50708,1.50736,1.00,1.00
2016.11.17 05:29:17.548,1.50713,1.50736,1.00,1.00
2016.11.17 05:29:17.649,1.50708,1.50736,1.00,1.00
2016.11.17 05:29:17.800,1.50709,1.5074,1.00,1.00
2016.11.17 05:29:18.571,1.50708,1.50739,1.00,1.00
2016.11.17 05:29:19.582,1.50708,1.50738,1.00,1.00
2016.11.17 05:29:23.275,1.50704,1.5073,1.00,1.00
2016.11.17 05:29:27.831,1.50704,1.50731,1.00,1.00
2016.11.17 05:29:28.359,1.50703,1.50732,1.50,1.00
2016.11.17 05:29:28.611,1.50706,1.50736,1.00,1.00
2016.11.17 05:29:28.662,1.50714,1.50736,1.00,1.00
2016.11.17 05:29:28.964,1.50714,1.50742,1.50,1.00
2016.11.17 05:29:29.066,1.50724,1.50742,1.00,1.00
2016.11.17 05:29:32.006,1.50724,1.50745,1.00,1.00
2016.11.17 05:29:35.926,1.50724,1.50743,1.00,1.00
2016.11.17 05:29:35.977,1.50714,1.50743,1.00,1.00
2016.11.17 05:29:36.028,1.50714,1.50733,1.00,1.00
2016.11.17 05:29:36.079,1.50705,1.50733,1.50,1.00
2016.11.17 05:29:36.130,1.50705,1.5073,1.00,1.00
2016.11.17 05:29:36.951,1.50704,1.5073,1.00,1.00
2016.11.17 05:29:37.102,1.50704,1.50732,1.00,1.00
2016.11.17 05:29:38.671,1.50703,1.50732,1.00,1.00
2016.11.17 05:29:42.857,1.50704,1.50733,1.00,1.00
2016.11.17 05:29:45.321,1.50707,1.50736,1.00,1.00
2016.11.17 05:29:45.623,1.50723,1.50742,1.00,1.00
2016.11.17 05:29:46.018,1.50714,1.50742,1.00,1.00
2016.11.17 05:29:46.421,1.50716,1.50745,1.00,1.00
2016.11.17 05:29:46.522,1.50723,1.50745,1.00,1.00
2016.11.17 05:29:46.625,1.50723,1.50749,1.00,1.00
2016.11.17 05:29:48.083,1.50724,1.50749,1.00,1.00
2016.11.17 05:29:50.424,1.50723,1.50749,1.00,1.00
2016.11.17 05:29:52.708,1.50724,1.50749,1.00,1.00
2016.11.17 05:29:52.759,1.50724,1.50752,1.00,1.00
2016.11.17 05:29:55.962,1.50724,1.50751,1.00,1.00
2016.11.17 05:29:57.843,1.50724,1.5075,1.00,1.00
2016.11.17 05:30:00.163,1.50724,1.50749,1.00,1.00
2016.11.17 05:30:00.593,1.50724,1.50751,1.00,1.00
2016.11.17 05:30:02.053,1.50724,1.50752,1.00,1.00
2016.11.17 05:30:02.977,1.50724,1.50754,1.00,1.00
2016.11.17 05:30:08.388,1.50723,1.50754,1.00,1.00
2016.11.17 05:30:11.779,1.50723,1.5075,1.00,1.00
2016.11.17 05:30:12.483,1.50724,1.50749,1.00,1.00
2016.11.17 05:30:13.212,1.50724,1.5075,1.00,1.00
2016.11.17 05:30:13.758,1.50724,1.50751,1.00,1.00
2016.11.17 05:30:14.874,1.50724,1.50752,1.00,1.00
2016.11.17 05:30:17.221,1.50724,1.50751,1.00,1.00
2016.11.17 05:30:26.590,1.50724,1.50749,1.00,1.00
2016.11.17 05:30:27.934,1.50724,1.5075,1.00,1.00
2016.11.17 05:30:37.339,1.50723,1.5075,1.00,1.00
2016.11.17 05:30:46.849,1.50724,1.5075,1.00,1.00
2016.11.17 05:30:48.458,1.50724,1.50753,1.50,1.00
2016.11.17 05:30:48.560,1.50734,1.50753,1.00,1.00
2016.11.17 05:30:48.661,1.50724,1.50753,1.00,1.00
2016.11.17 05:30:48.863,1.50723,1.50751,1.00,1.00
2016.11.17 05:30:49.365,1.50724,1.50751,1.00,1.00
2016.11.17 05:30:50.258,1.50724,1.5075,1.00,1.00
2016.11.17 05:30:51.158,1.50723,1.5075,1.00,1.00
2016.11.17 05:30:53.757,1.50724,1.5075,1.00,1.00
2016.11.17 05:30:57.933,1.50724,1.50749,1.00,1.00
2016.11.17 05:31:01.191,1.50724,1.50747,1.00,1.00
2016.11.17 05:31:01.393,1.50714,1.50742,1.00,1.00
2016.11.17 05:31:02.569,1.50713,1.50742,1.50,1.00
2016.11.17 05:31:03.087,1.50714,1.50737,1.00,1.00
2016.11.17 05:31:03.188,1.5071,1.5074,1.00,1.00
2016.11.17 05:31:03.289,1.50714,1.50745,1.00,1.00
2016.11.17 05:31:03.616,1.50724,1.50745,1.00,1.00
2016.11.17 05:31:04.402,1.50723,1.50745,1.00,1.00
2016.11.17 05:31:05.984,1.50724,1.50745,1.00,1.00
2016.11.17 05:31:06.675,1.50723,1.50745,1.00,1.00
2016.11.17 05:31:07.583,1.50723,1.50746,1.00,1.00
2016.11.17 05:31:08.464,1.50723,1.50745,1.00,1.00
2016.11.17 05:31:10.519,1.50724,1.50745,1.00,1.00
2016.11.17 05:31:11.727,1.50724,1.50746,1.00,1.00
2016.11.17 05:31:15.084,1.50723,1.50746,1.00,1.00
2016.11.17 05:31:15.669,1.50723,1.50747,1.00,1.00
2016.11.17 05:31:19.289,1.50724,1.50747,1.00,1.00
2016.11.17 05:31:22.192,1.50723,1.50747,1.00,1.00
2016.11.17 05:31:23.486,1.50723,1.50746,1.00,1.00
2016.11.17 05:31:28.592,1.50723,1.50745,1.00,1.00
2016.11.17 05:31:32.197,1.50723,1.50746,1.00,1.00
2016.11.17 05:31:38.737,1.50724,1.50745,1.00,1.00
2016.11.17 05:31:39.104,1.50724,1.50742,1.00,1.00
2016.11.17 05:31:42.754,1.50724,1.5074,1.00,1.00
2016.11.17 05:31:43.130,1.50714,1.50739,1.00,1.00
2016.11.17 05:31:43.314,1.50723,1.50739,1.00,1.00
2016.11.17 05:31:44.216,1.50724,1.5074,1.00,1.00
2016.11.17 05:31:44.732,1.50724,1.50739,1.00,1.00
2016.11.17 05:31:45.262,1.50723,1.50739,1.00,1.00
2016.11.17 05:31:45.818,1.50713,1.50739,1.00,1.00
2016.11.17 05:31:46.475,1.50713,1.5074,1.00,1.00
2016.11.17 05:31:47.065,1.50714,1.5074,1.00,1.00
2016.11.17 05:31:47.584,1.50714,1.50741,1.00,1.00
2016.11.17 05:31:50.262,1.50713,1.50741,1.00,1.00
2016.11.17 05:31:55.568,1.50713,1.50734,1.00,1.00
2016.11.17 05:31:55.852,1.50706,1.50734,1.00,1.00
2016.11.17 05:31:55.953,1.50703,1.50734,1.50,1.00
2016.11.17 05:31:56.157,1.50713,1.50734,1.00,1.00
2016.11.17 05:31:57.739,1.50713,1.50735,1.00,1.00
2016.11.17 05:31:58.640,1.50713,1.50734,1.00,1.00
2016.11.17 05:31:59.233,1.50704,1.50734,1.00,1.00
2016.11.17 05:31:59.490,1.50704,1.50732,1.00,1.00
2016.11.17 05:32:01.781,1.50714,1.50732,1.00,1.00
2016.11.17 05:32:02.336,1.50703,1.50732,1.50,1.00
2016.11.17 05:32:02.764,1.50703,1.50729,1.00,1.00
2016.11.17 05:32:03.099,1.50704,1.50727,1.00,1.00
2016.11.17 05:32:03.250,1.50711,1.5074,1.00,1.00
2016.11.17 05:32:03.452,1.50714,1.5074,1.00,1.00
2016.11.17 05:32:04.150,1.50714,1.50741,1.00,1.00
2016.11.17 05:32:05.858,1.50714,1.50738,1.00,1.00
2016.11.17 05:32:06.060,1.50696,1.50725,1.00,1.00
2016.11.17 05:32:06.161,1.50703,1.50725,1.00,1.00
2016.11.17 05:32:06.316,1.50704,1.50727,1.00,1.00
2016.11.17 05:32:06.467,1.50704,1.50732,1.00,1.00
2016.11.17 05:32:07.007,1.50703,1.50732,1.00,1.00
2016.11.17 05:32:07.530,1.50704,1.50732,1.00,1.00
2016.11.17 05:32:07.636,1.50705,1.50734,1.00,1.00
2016.11.17 05:32:07.990,1.50707,1.50736,1.00,1.00
2016.11.17 05:32:08.292,1.50712,1.50743,1.00,1.00
2016.11.17 05:32:09.307,1.50713,1.50743,1.00,1.00
2016.11.17 05:32:09.849,1.50714,1.50743,1.00,1.00
2016.11.17 05:32:12.872,1.50713,1.50743,1.00,1.00
2016.11.17 05:32:13.316,1.50714,1.5074,1.00,1.00
2016.11.17 05:32:19.063,1.50713,1.5074,1.00,1.00
2016.11.17 05:32:20.201,1.50714,1.50736,1.00,1.00
2016.11.17 05:32:20.504,1.50705,1.50736,1.00,1.00
2016.11.17 05:32:21.233,1.50704,1.50735,1.00,1.00
2016.11.17 05:32:22.100,1.50706,1.50735,1.00,1.00
2016.11.17 05:32:23.764,1.50713,1.50735,1.00,1.00
2016.11.17 05:32:23.994,1.50706,1.50735,1.00,1.00
2016.11.17 05:32:24.065,1.50713,1.50735,1.00,1.00
2016.11.17 05:32:24.265,1.50706,1.50735,1.00,1.00
2016.11.17 05:32:26.038,1.50709,1.50738,1.00,1.00
2016.11.17 05:32:26.341,1.50713,1.50741,1.00,1.00
2016.11.17 05:32:26.441,1.50709,1.50738,1.00,1.00
2016.11.17 05:32:27.115,1.50707,1.50735,1.00,1.00
2016.11.17 05:32:28.117,1.50706,1.50737,1.00,1.00
2016.11.17 05:32:29.119,1.50706,1.50735,1.00,1.00
2016.11.17 05:32:29.903,1.50713,1.50735,1.00,1.00
2016.11.17 05:32:30.674,1.50714,1.50735,1.00,1.00
2016.11.17 05:32:32.229,1.50714,1.50737,1.00,1.00
2016.11.17 05:32:33.230,1.50714,1.50735,1.00,1.00
2016.11.17 05:32:33.978,1.50713,1.50735,1.00,1.00
2016.11.17 05:32:36.034,1.50713,1.50736,1.00,1.00
2016.11.17 05:32:38.640,1.50713,1.50735,1.00,1.00
2016.11.17 05:32:40.461,1.50713,1.50737,1.00,1.00
2016.11.17 05:32:40.562,1.50714,1.50742,1.50,1.00
2016.11.17 05:32:41.079,1.50713,1.50741,1.00,1.00
2016.11.17 05:32:42.626,1.50714,1.50741,1.00,1.00
2016.11.17 05:32:43.186,1.50714,1.50739,1.00,1.00
2016.11.17 05:32:48.598,1.50713,1.50739,1.00,1.00
2016.11.17 05:32:56.006,1.50713,1.50736,1.00,1.00
2016.11.17 05:32:56.976,1.50714,1.50736,1.00,1.00
2016.11.17 05:32:58.177,1.50714,1.50735,1.00,1.00
2016.11.17 05:33:01.716,1.50713,1.50735,1.00,1.00
2016.11.17 05:33:02.431,1.50713,1.50736,1.00,1.00
2016.11.17 05:33:03.388,1.50713,1.50737,1.00,1.00
2016.11.17 05:33:06.572,1.50714,1.50737,1.00,1.00
2016.11.17 05:33:07.034,1.50724,1.50737,1.00,1.00
2016.11.17 05:33:07.135,1.50714,1.5074,1.00,1.00
2016.11.17 05:33:07.236,1.50724,1.5074,1.00,1.00
2016.11.17 05:33:08.019,1.50723,1.5074,1.00,1.00
2016.11.17 05:33:08.709,1.50723,1.50739,1.00,1.00
2016.11.17 05:33:11.630,1.50714,1.50739,1.00,1.00
2016.11.17 05:33:13.313,1.50714,1.50741,1.00,1.00
2016.11.17 05:33:14.045,1.50724,1.50744,1.00,1.00
2016.11.17 05:33:14.403,1.50724,1.50741,1.00,1.00
2016.11.17 05:33:15.736,1.50713,1.50741,1.50,1.00
2016.11.17 05:33:25.748,1.50724,1.50741,1.00,1.00
2016.11.17 05:33:32.856,1.50714,1.50741,1.00,1.00
2016.11.17 05:33:35.992,1.50714,1.50739,1.00,1.00
2016.11.17 05:33:37.060,1.50713,1.50739,1.00,1.00
2016.11.17 05:33:38.783,1.50713,1.5074,1.00,1.00
2016.11.17 05:33:43.281,1.50713,1.50743,1.00,1.00
2016.11.17 05:33:47.467,1.50713,1.50741,1.00,1.00
2016.11.17 05:33:52.786,1.50713,1.50744,1.50,1.00
2016.11.17 05:33:53.332,1.50714,1.50744,1.00,1.00
2016.11.17 05:33:58.306,1.50714,1.50743,1.00,1.00
2016.11.17 05:34:00.334,1.50714,1.50741,1.00,1.00
2016.11.17 05:34:01.001,1.50714,1.50739,1.00,1.00
2016.11.17 05:34:01.304,1.50707,1.50736,1.00,1.00
2016.11.17 05:34:05.403,1.50713,1.50738,1.00,1.00
2016.11.17 05:34:08.225,1.50713,1.50736,1.00,1.00
2016.11.17 05:34:08.531,1.5071,1.50739,1.00,1.00
2016.11.17 05:34:08.632,1.50707,1.50738,1.00,1.00
2016.11.17 05:34:08.834,1.50706,1.50735,1.00,1.00
2016.11.17 05:34:09.342,1.50714,1.50735,1.00,1.00
2016.11.17 05:34:13.330,1.50713,1.50737,1.00,1.00
2016.11.17 05:34:15.128,1.50713,1.50741,1.00,1.00
2016.11.17 05:34:15.669,1.50713,1.5074,1.00,1.00
2016.11.17 05:34:16.170,1.50713,1.50739,1.00,1.00
2016.11.17 05:34:17.524,1.50713,1.50737,1.00,1.00
2016.11.17 05:34:35.234,1.50714,1.50737,1.00,1.00
2016.11.17 05:34:41.524,1.50713,1.50737,1.00,1.00
2016.11.17 05:34:44.338,1.50714,1.50737,1.00,1.00
2016.11.17 05:34:44.439,1.50709,1.50737,1.00,1.00
2016.11.17 05:34:44.590,1.50707,1.50737,1.00,1.00
2016.11.17 05:34:45.110,1.50703,1.50733,1.00,1.00
2016.11.17 05:34:45.709,1.50704,1.50733,1.00,1.00
2016.11.17 05:34:46.254,1.50704,1.50734,1.50,1.00
2016.11.17 05:34:47.102,1.50705,1.50735,1.00,1.00
2016.11.17 05:34:48.478,1.50705,1.50734,1.00,1.00
2016.11.17 05:34:48.981,1.50704,1.50732,1.00,1.00
2016.11.17 05:34:49.310,1.50704,1.50729,1.00,1.00
2016.11.17 05:34:49.993,1.50704,1.50728,1.00,1.00
2016.11.17 05:34:50.713,1.50703,1.50728,1.00,1.00
2016.11.17 05:34:51.303,1.50704,1.50728,1.00,1.00
2016.11.17 05:34:56.003,1.50704,1.50731,1.00,1.00
2016.11.17 05:34:56.321,1.50708,1.50736,1.00,1.00
2016.11.17 05:34:56.543,1.50709,1.5074,1.00,1.00
2016.11.17 05:34:56.745,1.50713,1.5074,1.00,1.00
2016.11.17 05:34:56.846,1.50709,1.5074,1.00,1.00
2016.11.17 05:34:57.148,1.50714,1.5074,1.00,1.00
2016.11.17 05:34:59.089,1.50713,1.5074,1.00,1.00
2016.11.17 05:35:01.592,1.50714,1.5074,1.00,1.00
2016.11.17 05:35:02.634,1.50713,1.5074,1.00,1.00
2016.11.17 05:35:08.961,1.50713,1.50738,1.00,1.00
2016.11.17 05:35:13.441,1.50713,1.50741,1.00,1.00
2016.11.17 05:35:20.475,1.50714,1.50741,1.00,1.00
2016.11.17 05:35:23.955,1.50714,1.50739,1.00,1.00
2016.11.17 05:35:31.280,1.50713,1.50739,1.00,1.00
2016.11.17 05:35:34.383,1.50714,1.50739,1.00,1.00
2016.11.17 05:35:36.816,1.5071,1.50739,1.00,1.00
2016.11.17 05:35:36.917,1.50713,1.50739,1.00,1.00
2016.11.17 05:35:45.794,1.50714,1.50739,1.00,1.00
2016.11.17 05:35:46.695,1.50713,1.50739,1.00,1.00
2016.11.17 05:35:47.240,1.50711,1.50739,1.00,1.00
2016.11.17 05:35:47.341,1.50708,1.50737,1.00,1.00
2016.11.17 05:35:57.630,1.50704,1.50734,1.00,1.00
2016.11.17 05:35:57.744,1.50703,1.50732,1.00,1.00
2016.11.17 05:35:58.283,1.50704,1.50732,1.00,1.00
2016.11.17 05:35:58.654,1.50704,1.50727,1.00,1.00
2016.11.17 05:35:59.845,1.50704,1.50731,1.00,1.00
2016.11.17 05:35:59.946,1.507,1.50731,1.00,1.00
2016.11.17 05:36:00.206,1.50703,1.50731,1.00,1.00
2016.11.17 05:36:02.011,1.50703,1.50732,1.50,1.00
2016.11.17 05:36:02.533,1.50704,1.50732,1.00,1.00
2016.11.17 05:36:03.088,1.50704,1.50733,1.00,1.00
2016.11.17 05:36:03.537,1.50714,1.50733,1.00,1.00
2016.11.17 05:36:04.042,1.50714,1.50734,1.00,1.00
2016.11.17 05:36:09.033,1.50704,1.50734,1.00,1.00
2016.11.17 05:36:09.634,1.50714,1.50734,1.00,1.00
2016.11.17 05:36:11.878,1.50704,1.50734,1.00,1.00
2016.11.17 05:36:13.233,1.50703,1.50734,1.50,1.00
2016.11.17 05:36:14.637,1.50704,1.50735,1.00,1.00
2016.11.17 05:36:15.071,1.50713,1.50735,1.00,1.00
2016.11.17 05:36:21.572,1.50709,1.5074,1.00,1.00
2016.11.17 05:36:22.545,1.50709,1.50737,1.00,1.00
2016.11.17 05:36:24.046,1.50708,1.50739,1.00,1.00
2016.11.17 05:36:29.480,1.50705,1.50734,1.00,1.00
2016.11.17 05:36:29.792,1.50714,1.50734,1.00,1.00
2016.11.17 05:36:30.466,1.50714,1.50733,1.00,1.00
2016.11.17 05:36:31.118,1.50714,1.50735,1.00,1.00
2016.11.17 05:36:32.811,1.50714,1.50736,1.00,1.00
2016.11.17 05:36:33.500,1.50714,1.50735,1.00,1.00
2016.11.17 05:36:33.812,1.50714,1.50733,1.00,1.00
2016.11.17 05:36:34.284,1.50714,1.50736,1.00,1.00
2016.11.17 05:36:34.384,1.50714,1.50738,1.00,1.00
2016.11.17 05:36:34.485,1.5071,1.50738,1.00,1.00
2016.11.17 05:36:34.586,1.50714,1.5074,1.00,1.00
2016.11.17 05:36:34.937,1.50723,1.5074,1.00,1.00
2016.11.17 05:36:39.077,1.50723,1.50741,1.00,1.00
2016.11.17 05:36:43.584,1.50723,1.50743,1.00,1.00
2016.11.17 05:36:47.281,1.50714,1.50743,1.00,1.00
2016.11.17 05:36:55.439,1.50714,1.5074,1.00,1.00
2016.11.17 05:36:55.944,1.50714,1.50739,1.00,1.00
2016.11.17 05:36:58.211,1.50714,1.50741,1.00,1.00
2016.11.17 05:37:02.864,1.50714,1.50738,1.00,1.00
2016.11.17 05:37:02.914,1.50709,1.50738,1.00,1.00
2016.11.17 05:37:02.965,1.50707,1.50736,1.00,1.00
2016.11.17 05:37:03.290,1.50714,1.50736,1.00,1.00
2016.11.17 05:37:05.398,1.50713,1.50736,1.00,1.00
2016.11.17 05:37:06.238,1.50714,1.50736,1.00,1.00
2016.11.17 05:37:06.788,1.50713,1.50736,1.00,1.00
2016.11.17 05:37:09.236,1.50713,1.50735,1.00,1.00
2016.11.17 05:37:09.739,1.50713,1.50737,1.00,1.00
2016.11.17 05:37:10.261,1.50713,1.50735,1.00,1.00
2016.11.17 05:37:13.330,1.50713,1.50736,1.00,1.00
2016.11.17 05:37:13.759,1.50714,1.50738,1.00,1.00
2016.11.17 05:37:15.261,1.50714,1.5074,1.00,1.00
2016.11.17 05:37:16.036,1.50708,1.5074,1.00,1.00
2016.11.17 05:37:16.237,1.50705,1.50737,1.00,1.00
2016.11.17 05:37:16.845,1.50714,1.50737,1.00,1.00
2016.11.17 05:37:18.138,1.50714,1.50738,1.00,1.00
2016.11.17 05:37:18.522,1.50714,1.50736,1.00,1.00
2016.11.17 05:37:20.341,1.50714,1.50737,1.00,1.00
2016.11.17 05:37:22.562,1.50714,1.50736,1.00,1.00
2016.11.17 05:37:22.861,1.50703,1.50733,2.25,1.00
2016.11.17 05:37:23.532,1.50704,1.50733,1.00,1.00
2016.11.17 05:37:24.248,1.50704,1.50734,1.00,1.00
2016.11.17 05:37:27.452,1.50704,1.50733,1.00,1.00
2016.11.17 05:37:27.752,1.50704,1.50735,1.00,1.00
2016.11.17 05:37:28.754,1.50704,1.50733,1.00,1.00
2016.11.17 05:37:31.698,1.50704,1.5073,1.00,1.00
2016.11.17 05:37:32.861,1.50704,1.50729,1.00,1.00
2016.11.17 05:37:34.695,1.50704,1.50728,1.00,1.00
2016.11.17 05:37:37.349,1.50698,1.50728,1.00,1.00
2016.11.17 05:37:37.400,1.50693,1.50729,2.25,1.00
2016.11.17 05:37:37.501,1.50693,1.50723,2.25,1.00
2016.11.17 05:37:39.306,1.50694,1.50724,1.00,1.00
2016.11.17 05:37:43.784,1.50694,1.50723,1.00,1.00
2016.11.17 05:37:46.682,1.50693,1.50723,1.50,1.00
2016.11.17 05:37:46.992,1.50696,1.50727,1.00,1.00
2016.11.17 05:37:47.093,1.50694,1.50723,1.00,1.00
2016.11.17 05:37:52.381,1.50693,1.50723,1.00,1.00
2016.11.17 05:37:53.078,1.50694,1.50723,1.00,1.00
2016.11.17 05:38:03.930,1.50694,1.50721,1.00,1.00
2016.11.17 05:38:04.965,1.50694,1.50722,1.00,1.00
2016.11.17 05:38:06.767,1.50693,1.50722,1.00,1.00
2016.11.17 05:38:07.468,1.50694,1.50722,1.00,1.00
2016.11.17 05:38:08.436,1.50694,1.50723,1.00,1.00
2016.11.17 05:38:13.885,1.50694,1.50724,1.00,1.00
2016.11.17 05:38:16.678,1.50694,1.50721,1.00,1.00
2016.11.17 05:38:16.779,1.50693,1.50723,1.00,1.00
2016.11.17 05:38:16.880,1.50684,1.50712,1.00,1.00
2016.11.17 05:38:16.971,1.50684,1.50717,1.00,1.00
2016.11.17 05:38:17.557,1.50683,1.50717,1.50,1.00
2016.11.17 05:38:17.658,1.50683,1.50713,1.00,1.00
2016.11.17 05:38:18.094,1.50683,1.50711,1.00,1.00
2016.11.17 05:38:20.979,1.50683,1.50709,1.00,1.00
2016.11.17 05:38:22.637,1.50684,1.50709,1.00,1.00
2016.11.17 05:38:24.663,1.50684,1.50708,1.00,1.00
2016.11.17 05:38:25.040,1.50683,1.50705,1.00,1.00
2016.11.17 05:38:26.481,1.50683,1.50709,1.00,1.00
2016.11.17 05:38:28.562,1.50683,1.50708,1.00,1.00
2016.11.17 05:38:29.076,1.50683,1.5071,1.00,1.00
2016.11.17 05:38:30.064,1.50683,1.50711,1.00,1.00
2016.11.17 05:38:31.314,1.50684,1.50711,1.00,1.00
2016.11.17 05:38:34.210,1.50684,1.50709,1.00,1.00
2016.11.17 05:38:38.586,1.50684,1.50711,1.00,1.00
2016.11.17 05:38:39.368,1.50684,1.5071,1.00,1.00
2016.11.17 05:38:43.884,1.50684,1.50712,1.00,1.00
2016.11.17 05:38:44.517,1.50683,1.50712,1.00,1.00
2016.11.17 05:38:48.612,1.50683,1.5071,1.00,1.00
2016.11.17 05:38:49.923,1.5068,1.5071,1.00,1.00
2016.11.17 05:38:50.324,1.50684,1.50709,1.00,1.00
2016.11.17 05:38:51.543,1.50675,1.50707,1.00,1.00
2016.11.17 05:38:52.027,1.50672,1.50704,1.50,1.00
2016.11.17 05:38:52.547,1.50673,1.50704,1.00,1.00
2016.11.17 05:38:54.129,1.50674,1.50704,1.00,1.00
2016.11.17 05:38:56.648,1.50673,1.50704,1.00,1.00
2016.11.17 05:38:58.913,1.50673,1.50703,1.00,1.00
2016.11.17 05:38:59.561,1.50672,1.50703,1.00,1.00
2016.11.17 05:39:00.441,1.50669,1.50702,1.50,1.00
2016.11.17 05:39:00.542,1.50669,1.50699,1.00,1.00
2016.11.17 05:39:00.592,1.50667,1.50699,1.50,1.00
2016.11.17 05:39:00.643,1.50669,1.50702,1.00,1.00
2016.11.17 05:39:00.744,1.50674,1.50702,1.00,1.00
2016.11.17 05:39:01.240,1.50684,1.50705,1.00,1.37
2016.11.17 05:39:01.426,1.50684,1.50714,1.50,1.50
2016.11.17 05:39:01.929,1.50683,1.50713,1.00,1.00
2016.11.17 05:39:03.180,1.50684,1.50713,1.00,1.00
2016.11.17 05:39:03.772,1.50683,1.50713,1.00,1.00
2016.11.17 05:39:05.536,1.50683,1.50712,1.00,1.00
2016.11.17 05:39:07.454,1.50683,1.50709,1.00,1.00
2016.11.17 05:39:07.963,1.50684,1.50709,1.00,1.00
2016.11.17 05:39:09.448,1.50684,1.50708,1.00,1.00
2016.11.17 05:39:13.984,1.50684,1.5071,1.00,1.00
2016.11.17 05:39:14.763,1.50683,1.5071,1.00,1.00
2016.11.17 05:39:15.294,1.50683,1.50706,1.00,1.00
2016.11.17 05:39:23.263,1.50675,1.50706,1.00,1.00
2016.11.17 05:39:24.499,1.50676,1.50706,1.00,1.00
2016.11.17 05:39:25.187,1.50676,1.50707,1.00,1.00
2016.11.17 05:39:28.982,1.50676,1.50706,1.00,1.00
2016.11.17 05:39:38.697,1.50675,1.50707,1.00,1.00
2016.11.17 05:39:39.214,1.50673,1.50702,1.00,1.00
2016.11.17 05:39:39.742,1.50674,1.50702,1.00,1.00
2016.11.17 05:39:40.260,1.50674,1.50703,1.00,1.00
2016.11.17 05:39:44.008,1.50674,1.50702,1.00,1.00
2016.11.17 05:39:45.010,1.50673,1.50702,1.00,1.00
2016.11.17 05:39:54.513,1.50673,1.50704,1.00,1.00
2016.11.17 05:39:59.033,1.50673,1.50701,1.00,1.00
2016.11.17 05:40:00.137,1.50673,1.507,1.00,1.00
2016.11.17 05:40:00.339,1.50673,1.50702,1.00,1.00
2016.11.17 05:40:02.548,1.50673,1.50703,1.00,1.00
2016.11.17 05:40:02.952,1.50675,1.50705,1.00,1.00
2016.11.17 05:40:03.525,1.50676,1.50707,1.00,1.00
2016.11.17 05:40:04.055,1.50675,1.50706,1.00,1.00
2016.11.17 05:40:04.691,1.50676,1.50707,1.00,1.00
2016.11.17 05:40:09.541,1.50679,1.50709,1.00,1.00
2016.11.17 05:40:09.928,1.50683,1.50709,1.00,1.00
2016.11.17 05:40:10.459,1.50684,1.50709,1.00,1.00
2016.11.17 05:40:11.413,1.50676,1.50709,1.00,1.00
2016.11.17 05:40:11.985,1.50675,1.50708,1.50,1.00
2016.11.17 05:40:12.038,1.50678,1.50708,1.00,1.00
2016.11.17 05:40:13.040,1.50677,1.5071,1.00,1.00
2016.11.17 05:40:14.059,1.50679,1.50709,1.00,1.00
2016.11.17 05:40:17.059,1.50676,1.50709,1.00,1.00
2016.11.17 05:40:17.285,1.50679,1.50709,1.00,1.00
2016.11.17 05:40:17.678,1.50676,1.50707,1.00,1.00
2016.11.17 05:40:18.249,1.50677,1.50709,1.00,1.00
2016.11.17 05:40:19.250,1.50677,1.50708,1.00,1.00
2016.11.17 05:40:20.159,1.50678,1.5071,1.00,1.00
2016.11.17 05:40:20.403,1.5068,1.5071,1.00,1.00
2016.11.17 05:40:20.924,1.50684,1.5071,1.00,1.00
2016.11.17 05:40:21.368,1.50684,1.50712,1.00,1.00
2016.11.17 05:40:22.157,1.50684,1.5071,1.00,1.00
2016.11.17 05:40:23.470,1.50684,1.50709,1.00,1.00
2016.11.17 05:40:23.677,1.50678,1.50709,1.00,1.00
2016.11.17 05:40:24.462,1.50676,1.50709,1.00,1.00
2016.11.17 05:40:29.332,1.50683,1.50709,1.00,1.00
2016.11.17 05:40:32.035,1.50684,1.50709,1.00,1.00
2016.11.17 05:40:33.312,1.50684,1.5071,1.00,1.00
2016.11.17 05:40:33.513,1.50684,1.50712,1.00,1.00
2016.11.17 05:40:33.634,1.50694,1.50712,1.00,1.00
2016.11.17 05:40:33.720,1.50694,1.50718,1.00,1.00
2016.11.17 05:40:33.876,1.50694,1.50715,1.00,1.00
2016.11.17 05:40:33.977,1.50684,1.50715,2.25,1.00
2016.11.17 05:40:34.179,1.50684,1.50712,1.50,1.00
2016.11.17 05:40:35.180,1.50684,1.50713,1.00,1.00
2016.11.17 05:40:35.713,1.50683,1.50713,1.00,1.00
2016.11.17 05:40:36.255,1.50684,1.50713,1.00,1.00
2016.11.17 05:40:38.545,1.50683,1.50713,1.50,1.00
2016.11.17 05:40:38.595,1.50684,1.50716,1.00,1.00
2016.11.17 05:40:38.696,1.50688,1.50721,1.00,1.50
2016.11.17 05:40:39.021,1.50693,1.50721,1.00,1.00
2016.11.17 05:40:39.591,1.50693,1.50719,1.00,1.00
2016.11.17 05:40:43.797,1.50693,1.50718,1.00,1.00
2016.11.17 05:40:44.374,1.50693,1.50717,1.00,1.00
2016.11.17 05:40:46.052,1.50694,1.50717,1.00,1.00
2016.11.17 05:40:47.053,1.50693,1.50717,1.00,1.00
2016.11.17 05:40:47.513,1.50693,1.50713,1.00,1.00
2016.11.17 05:40:47.715,1.50693,1.50717,1.00,1.00
2016.11.17 05:40:48.024,1.50694,1.50714,1.00,1.00
2016.11.17 05:40:48.188,1.50684,1.50714,1.50,1.00
2016.11.17 05:40:49.009,1.50684,1.50716,1.00,1.00
2016.11.17 05:40:49.511,1.50684,1.50715,1.00,1.00
2016.11.17 05:40:50.666,1.50683,1.50715,1.00,1.00
2016.11.17 05:40:50.717,1.50683,1.50706,1.00,1.00
2016.11.17 05:40:51.019,1.50684,1.50703,1.00,1.00
2016.11.17 05:40:54.621,1.50684,1.50702,1.00,1.00
2016.11.17 05:40:56.521,1.50674,1.50702,1.00,1.00
2016.11.17 05:41:04.984,1.50668,1.50703,1.00,1.00
2016.11.17 05:41:05.085,1.50663,1.50693,1.00,1.00
2016.11.17 05:41:05.136,1.50661,1.50693,1.00,1.00
2016.11.17 05:41:05.186,1.50664,1.5069,1.00,1.00
2016.11.17 05:41:05.287,1.50663,1.50692,1.00,1.00
2016.11.17 05:41:05.506,1.50674,1.50697,1.00,1.00
2016.11.17 05:41:05.557,1.50674,1.50703,1.00,1.00
2016.11.17 05:41:05.810,1.5067,1.50703,1.00,1.00
2016.11.17 05:41:05.911,1.50674,1.50703,1.00,1.00
2016.11.17 05:41:06.084,1.50674,1.50705,1.00,1.00
2016.11.17 05:41:08.618,1.50673,1.50705,1.00,1.00
2016.11.17 05:41:08.669,1.50676,1.50707,1.00,1.00
2016.11.17 05:41:08.975,1.50684,1.50707,1.00,1.00
2016.11.17 05:41:09.692,1.50683,1.50707,1.00,1.00
2016.11.17 05:41:13.699,1.50683,1.50704,1.00,1.00
2016.11.17 05:41:13.804,1.50674,1.50704,1.50,1.00
2016.11.17 05:41:14.563,1.50674,1.50706,1.50,1.00
2016.11.17 05:41:14.764,1.50677,1.50708,1.00,1.00
2016.11.17 05:41:15.067,1.50673,1.50699,1.00,1.00
2016.11.17 05:41:15.168,1.50674,1.50704,1.00,1.00
2016.11.17 05:41:15.310,1.50667,1.50701,1.00,1.00
2016.11.17 05:41:15.513,1.50673,1.50701,1.00,1.00
2016.11.17 05:41:15.815,1.50673,1.50698,1.00,1.00
2016.11.17 05:41:16.339,1.50674,1.50698,1.00,1.00
2016.11.17 05:41:16.390,1.50674,1.507,1.00,1.00
2016.11.17 05:41:16.491,1.50673,1.50697,1.00,1.00
2016.11.17 05:41:17.262,1.50673,1.50698,1.00,1.00
2016.11.17 05:41:20.912,1.50674,1.50701,1.00,1.00
2016.11.17 05:41:21.113,1.50673,1.50703,1.00,1.00
2016.11.17 05:41:21.611,1.50674,1.50705,1.00,1.00
2016.11.17 05:41:21.874,1.50674,1.50701,1.00,1.00
2016.11.17 05:41:22.575,1.50674,1.50702,1.00,1.00
2016.11.17 05:41:29.188,1.50674,1.50701,1.00,1.00
2016.11.17 05:41:29.494,1.50674,1.50703,1.00,1.00
2016.11.17 05:41:30.063,1.50673,1.50703,1.00,1.00
2016.11.17 05:41:33.392,1.50673,1.50702,1.00,1.00
2016.11.17 05:41:33.901,1.50673,1.50699,1.00,1.00
2016.11.17 05:41:34.457,1.50674,1.50699,1.00,1.00
2016.11.17 05:41:35.274,1.50673,1.50699,1.00,1.00
2016.11.17 05:41:36.861,1.50673,1.50698,1.00,1.00
2016.11.17 05:41:37.610,1.50673,1.50695,1.00,1.00
2016.11.17 05:41:37.958,1.50674,1.50692,1.00,1.00
2016.11.17 05:41:38.901,1.50674,1.50693,1.00,1.00
2016.11.17 05:41:39.902,1.50674,1.50694,1.00,1.00
2016.11.17 05:41:43.944,1.50674,1.50696,1.00,1.00
2016.11.17 05:41:44.694,1.50673,1.50696,1.00,1.00
2016.11.17 05:41:45.248,1.50673,1.50697,1.00,1.00
2016.11.17 05:41:46.044,1.50675,1.50704,1.00,1.50
2016.11.17 05:41:46.246,1.50673,1.50704,1.87,1.00
2016.11.17 05:41:46.347,1.50673,1.50702,1.37,1.00
2016.11.17 05:41:46.684,1.50674,1.50699,1.00,1.00
2016.11.17 05:41:48.331,1.50674,1.50698,1.00,1.00
2016.11.17 05:41:48.924,1.50673,1.50698,1.00,1.00
2016.11.17 05:41:49.460,1.50673,1.50699,1.00,1.00
2016.11.17 05:41:53.033,1.50673,1.50698,1.00,1.00
2016.11.17 05:41:54.127,1.50673,1.50699,1.00,1.00
2016.11.17 05:41:54.545,1.50673,1.50701,1.00,1.00
2016.11.17 05:41:54.646,1.50683,1.50703,1.00,1.00
2016.11.17 05:41:54.748,1.50683,1.50705,1.00,1.00
2016.11.17 05:41:55.546,1.50684,1.50705,1.00,1.00
2016.11.17 05:41:55.990,1.50674,1.50705,1.00,1.00
2016.11.17 05:41:56.569,1.50684,1.50705,1.00,1.00
2016.11.17 05:41:56.971,1.50683,1.50707,1.00,1.00
2016.11.17 05:41:58.561,1.50684,1.50707,1.00,1.00
2016.11.17 05:41:58.783,1.50685,1.50714,1.00,1.75
2016.11.17 05:41:58.884,1.50684,1.50707,1.00,1.00
2016.11.17 05:41:59.234,1.50684,1.50705,1.00,1.00
2016.11.17 05:41:59.385,1.50674,1.50705,1.50,1.00
2016.11.17 05:42:03.446,1.50674,1.50703,1.50,1.00
2016.11.17 05:42:04.563,1.50684,1.50703,1.00,1.00
2016.11.17 05:42:05.439,1.50684,1.50702,1.00,1.00
2016.11.17 05:42:09.886,1.50683,1.50705,1.00,1.00
2016.11.17 05:42:10.859,1.50683,1.50706,1.00,1.00
2016.11.17 05:42:11.661,1.50684,1.50706,1.00,1.00
2016.11.17 05:42:12.765,1.50684,1.50705,1.00,1.00
2016.11.17 05:42:13.301,1.50684,1.50707,1.00,1.00
2016.11.17 05:42:14.106,1.50683,1.50707,1.00,1.00
2016.11.17 05:42:18.184,1.50683,1.50708,1.00,1.00
2016.11.17 05:42:18.285,1.50683,1.50711,1.00,1.00
2016.11.17 05:42:18.582,1.50693,1.50712,1.00,1.00
2016.11.17 05:42:18.783,1.50684,1.50712,1.00,1.00
2016.11.17 05:42:19.403,1.50684,1.50711,1.00,1.00
2016.11.17 05:42:20.679,1.50684,1.5071,1.00,1.00
2016.11.17 05:42:21.183,1.50684,1.50711,1.00,1.00
2016.11.17 05:42:24.782,1.50683,1.50711,1.00,1.00
2016.11.17 05:42:26.525,1.50683,1.50709,1.00,1.00
2016.11.17 05:42:26.828,1.50684,1.50704,1.00,1.00
2016.11.17 05:42:27.790,1.50684,1.50703,1.00,1.00
2016.11.17 05:42:28.458,1.50684,1.50702,1.00,1.00
2016.11.17 05:42:28.509,1.50673,1.50702,1.50,1.00
2016.11.17 05:42:28.982,1.50684,1.50702,1.00,1.00
2016.11.17 05:42:33.511,1.50684,1.507,1.00,1.00
2016.11.17 05:42:34.587,1.50673,1.507,1.00,1.00
2016.11.17 05:42:34.796,1.50684,1.50699,1.00,1.00
2016.11.17 05:42:41.914,1.50674,1.50699,1.00,1.00
2016.11.17 05:42:42.544,1.50673,1.50698,1.00,1.00
2016.11.17 05:42:44.017,1.50673,1.507,1.00,1.00
2016.11.17 05:42:46.237,1.50673,1.50703,1.00,1.00
2016.11.17 05:42:47.044,1.50674,1.50703,1.00,1.00
2016.11.17 05:42:48.557,1.50674,1.50702,1.00,1.00
2016.11.17 05:42:49.746,1.50674,1.507,1.00,1.00
2016.11.17 05:42:53.139,1.50674,1.50698,1.00,1.00
2016.11.17 05:42:58.216,1.50674,1.50701,1.00,1.00
2016.11.17 05:43:00.737,1.50673,1.50701,1.00,1.00
2016.11.17 05:43:00.838,1.50676,1.50705,1.00,1.00
2016.11.17 05:43:00.939,1.50684,1.50705,1.00,1.00
2016.11.17 05:43:01.140,1.50674,1.50703,1.00,1.00
2016.11.17 05:43:02.616,1.50684,1.50703,1.00,1.00
2016.11.17 05:43:03.166,1.50684,1.50704,1.00,1.00
2016.11.17 05:43:07.274,1.50684,1.50707,1.00,1.00
2016.11.17 05:43:08.251,1.50684,1.50708,1.00,1.00
2016.11.17 05:43:14.458,1.50684,1.50707,1.00,1.00
2016.11.17 05:43:15.362,1.50683,1.50703,1.00,1.00
2016.11.17 05:43:15.901,1.50683,1.50702,1.00,1.00
2016.11.17 05:43:18.236,1.50684,1.50702,1.00,1.00
2016.11.17 05:43:31.784,1.50683,1.50702,1.00,1.00
2016.11.17 05:43:31.885,1.50674,1.50702,1.00,1.00
2016.11.17 05:43:32.188,1.50684,1.50702,1.00,1.00
2016.11.17 05:43:32.750,1.50674,1.50702,1.00,1.00
2016.11.17 05:43:33.451,1.50684,1.50702,1.00,1.00
2016.11.17 05:43:34.814,1.50684,1.50701,1.00,1.00
2016.11.17 05:43:34.865,1.50673,1.50701,1.00,1.00
2016.11.17 05:43:35.603,1.50673,1.50703,1.00,1.00
2016.11.17 05:43:36.134,1.50674,1.50703,1.00,1.00
2016.11.17 05:43:36.359,1.50684,1.50703,1.00,1.00
2016.11.17 05:43:36.487,1.50683,1.50705,1.00,1.00
2016.11.17 05:43:42.543,1.50683,1.50703,1.00,1.00
2016.11.17 05:43:43.814,1.50684,1.50703,1.00,1.00
2016.11.17 05:43:44.766,1.50683,1.50703,1.00,1.00
2016.11.17 05:43:46.732,1.50683,1.50701,1.00,1.00
2016.11.17 05:43:46.934,1.50684,1.50703,1.00,1.00
2016.11.17 05:43:47.446,1.50683,1.50703,1.00,1.00
2016.11.17 05:43:48.083,1.50684,1.50703,1.00,1.00
2016.11.17 05:43:48.459,1.50684,1.50707,1.00,1.00
2016.11.17 05:43:48.732,1.50684,1.50704,1.00,1.00
2016.11.17 05:43:49.155,1.50684,1.50701,1.00,1.00
2016.11.17 05:43:49.471,1.50683,1.50696,1.00,1.00
2016.11.17 05:43:49.522,1.50674,1.50696,1.00,1.00
2016.11.17 05:44:05.508,1.50673,1.50696,1.00,1.00
2016.11.17 05:44:19.803,1.50674,1.50696,1.00,1.00
2016.11.17 05:44:26.611,1.50673,1.50696,1.00,1.00
2016.11.17 05:44:27.129,1.50673,1.50697,1.00,1.00
2016.11.17 05:44:27.414,1.50673,1.50695,1.00,1.00
2016.11.17 05:44:27.929,1.50673,1.50694,1.00,1.00
2016.11.17 05:44:28.814,1.50663,1.50694,1.50,1.00
2016.11.17 05:44:29.415,1.50664,1.50694,1.00,1.00
2016.11.17 05:44:34.830,1.50673,1.50694,1.00,1.00
2016.11.17 05:44:35.266,1.50663,1.50694,1.50,1.00
2016.11.17 05:44:37.108,1.50663,1.50692,1.50,1.00
2016.11.17 05:44:38.041,1.50661,1.50693,1.00,1.00
2016.11.17 05:44:39.715,1.50662,1.50693,1.00,1.00
2016.11.17 05:44:39.805,1.50674,1.50693,1.00,1.00
2016.11.17 05:44:40.161,1.50667,1.50693,1.00,1.00
2016.11.17 05:44:40.239,1.50673,1.50693,1.00,1.00
2016.11.17 05:44:40.290,1.50676,1.50705,1.00,1.00
2016.11.17 05:44:40.441,1.50684,1.5071,1.00,1.00
2016.11.17 05:44:41.133,1.50684,1.50712,1.00,1.00
2016.11.17 05:44:44.602,1.50684,1.50713,1.50,1.00
2016.11.17 05:44:47.888,1.50693,1.50713,1.00,1.00
2016.11.17 05:44:48.039,1.50683,1.5071,1.00,1.00
2016.11.17 05:44:50.241,1.50684,1.5071,1.00,1.00
2016.11.17 05:44:50.830,1.50684,1.50711,1.00,1.00
2016.11.17 05:44:54.021,1.50684,1.50713,1.00,1.00
2016.11.17 05:44:55.124,1.50684,1.50712,1.00,1.00
2016.11.17 05:44:56.057,1.50694,1.50712,1.00,1.00
2016.11.17 05:44:56.342,1.50694,1.50715,1.00,1.00
2016.11.17 05:44:56.559,1.50694,1.50717,1.00,1.00
2016.11.17 05:44:57.259,1.50694,1.5072,1.00,1.00
2016.11.17 05:44:58.256,1.50694,1.50718,1.00,1.00
2016.11.17 05:44:59.354,1.50694,1.50717,1.00,1.00
2016.11.17 05:45:00.052,1.50694,1.50716,1.00,1.00
2016.11.17 05:45:00.655,1.50694,1.50714,1.00,1.00
2016.11.17 05:45:03.585,1.50684,1.5071,1.00,1.00
2016.11.17 05:45:04.391,1.50694,1.50712,1.00,1.00
2016.11.17 05:45:05.320,1.50693,1.50712,1.00,1.00
2016.11.17 05:45:06.214,1.50694,1.50712,1.00,1.00
2016.11.17 05:45:07.066,1.50693,1.50712,1.00,1.00
2016.11.17 05:45:11.372,1.50694,1.50712,1.00,1.00
2016.11.17 05:45:12.780,1.50684,1.50712,1.00,1.00
2016.11.17 05:45:13.645,1.50684,1.50711,1.00,1.00
2016.11.17 05:45:17.177,1.50683,1.50711,1.00,1.00
2016.11.17 05:45:17.380,1.50683,1.50709,1.00,1.00
2016.11.17 05:45:17.718,1.50683,1.50707,1.00,1.00
2016.11.17 05:45:18.912,1.50683,1.50705,1.00,1.00
2016.11.17 05:45:23.012,1.50684,1.50712,1.00,1.00
2016.11.17 05:45:23.063,1.50688,1.50712,1.00,1.00
2016.11.17 05:45:23.114,1.50688,1.50718,1.50,1.75
2016.11.17 05:45:23.164,1.50696,1.50718,1.00,1.37
2016.11.17 05:45:23.215,1.50696,1.50718,1.00,1.00
2016.11.17 05:45:23.987,1.50696,1.50719,1.00,1.00
2016.11.17 05:45:24.526,1.50698,1.5072,1.00,1.00
2016.11.17 05:45:24.602,1.50698,1.50723,1.00,1.00
2016.11.17 05:45:24.653,1.50705,1.50723,1.00,1.00
2016.11.17 05:45:24.805,1.50705,1.50728,1.00,1.00
2016.11.17 05:45:24.855,1.50711,1.50728,1.00,1.00
2016.11.17 05:45:24.906,1.50711,1.50735,1.00,1.00
2016.11.17 05:45:24.957,1.50713,1.50735,1.00,1.00
2016.11.17 05:45:25.209,1.50706,1.50729,1.00,1.00
2016.11.17 05:45:25.741,1.50705,1.50729,1.00,1.00
2016.11.17 05:45:25.792,1.50705,1.50727,1.00,1.00
2016.11.17 05:45:25.994,1.50699,1.50723,1.00,1.00
2016.11.17 05:45:26.262,1.50697,1.50723,1.00,1.00
2016.11.17 05:45:27.009,1.50697,1.50722,1.00,1.00
2016.11.17 05:45:27.146,1.50695,1.50722,1.00,1.00
2016.11.17 05:45:28.541,1.50695,1.50721,1.00,1.00
2016.11.17 05:45:29.151,1.50694,1.50721,1.00,1.00
2016.11.17 05:45:29.639,1.50704,1.50731,1.00,1.00
2016.11.17 05:45:29.942,1.50713,1.50733,1.00,1.00
2016.11.17 05:45:30.043,1.50704,1.50733,1.50,1.00
2016.11.17 05:45:30.143,1.50714,1.50733,1.00,1.00
2016.11.17 05:45:30.244,1.50704,1.50733,1.50,1.00
2016.11.17 05:45:30.738,1.50703,1.50731,1.00,1.00
2016.11.17 05:45:31.052,1.50703,1.50729,1.00,1.00
2016.11.17 05:45:31.311,1.50694,1.50729,1.00,1.00
2016.11.17 05:45:31.412,1.50692,1.50725,1.00,1.00
2016.11.17 05:45:31.715,1.50704,1.50734,1.00,1.00
2016.11.17 05:45:32.152,1.50704,1.5073,1.00,1.00
2016.11.17 05:45:33.037,1.50703,1.5073,1.00,1.00
2016.11.17 05:45:35.533,1.50704,1.5073,1.00,1.00
2016.11.17 05:45:35.634,1.50705,1.50734,1.00,1.00
2016.11.17 05:45:35.735,1.50714,1.50736,1.00,1.00
2016.11.17 05:45:35.937,1.50708,1.50736,1.00,1.00
2016.11.17 05:45:36.254,1.50705,1.50734,1.00,1.00
2016.11.17 05:45:39.460,1.50714,1.50734,1.00,1.00
2016.11.17 05:45:39.663,1.50705,1.50734,1.00,1.00
2016.11.17 05:45:40.025,1.50713,1.50734,1.00,1.00
2016.11.17 05:45:40.206,1.50705,1.50734,1.00,1.00
2016.11.17 05:45:44.750,1.50707,1.50736,1.00,1.00
2016.11.17 05:45:46.132,1.5071,1.50739,1.00,1.00
2016.11.17 05:45:46.625,1.50713,1.5074,1.00,1.00
2016.11.17 05:45:48.959,1.50713,1.50739,1.00,1.00
2016.11.17 05:45:50.628,1.50713,1.50741,1.00,1.00
2016.11.17 05:46:00.161,1.50714,1.50741,1.00,1.00
2016.11.17 05:46:00.262,1.50713,1.50743,1.50,1.00
2016.11.17 05:46:00.784,1.50714,1.50743,1.00,1.00
2016.11.17 05:46:05.064,1.50714,1.50741,1.00,1.00
2016.11.17 05:46:05.386,1.50713,1.50739,1.00,1.00
2016.11.17 05:46:06.983,1.50714,1.50739,1.00,1.00
2016.11.17 05:46:08.268,1.50713,1.50739,1.00,1.00
2016.11.17 05:46:08.318,1.50713,1.50742,1.50,1.00
2016.11.17 05:46:08.858,1.50714,1.50742,1.00,1.00
2016.11.17 05:46:10.053,1.50713,1.50742,1.50,1.00
2016.11.17 05:46:10.296,1.50723,1.50742,1.00,1.00
2016.11.17 05:46:10.397,1.50723,1.50744,1.00,1.00
2016.11.17 05:46:10.454,1.50714,1.50744,1.50,1.00
2016.11.17 05:46:16.808,1.50713,1.50739,1.00,1.00
2016.11.17 05:46:16.909,1.50713,1.50741,1.00,1.00
2016.11.17 05:46:17.110,1.50718,1.50747,1.00,1.00
2016.11.17 05:46:17.211,1.50724,1.5075,1.00,1.00
2016.11.17 05:46:17.534,1.50724,1.50746,1.00,1.00
2016.11.17 05:46:17.685,1.50717,1.50746,1.00,1.00
2016.11.17 05:46:17.769,1.50714,1.50741,1.00,1.00
2016.11.17 05:46:17.870,1.50709,1.50741,1.00,1.00
2016.11.17 05:46:18.113,1.50714,1.50743,1.00,1.00
2016.11.17 05:46:18.168,1.50712,1.50743,1.00,1.00
2016.11.17 05:46:18.276,1.50714,1.50743,1.00,1.00
2016.11.17 05:46:18.327,1.50714,1.50745,1.50,1.00
2016.11.17 05:46:19.332,1.50715,1.50743,1.00,1.00
2016.11.17 05:46:19.887,1.50714,1.50742,1.50,1.00
2016.11.17 05:46:21.346,1.50717,1.50745,1.00,1.00
2016.11.17 05:46:21.518,1.50714,1.50743,1.50,1.00
2016.11.17 05:46:23.812,1.50724,1.50743,1.00,1.00
2016.11.17 05:46:24.080,1.50714,1.50743,1.00,1.00
2016.11.17 05:46:24.231,1.50714,1.5074,1.00,1.00
2016.11.17 05:46:24.759,1.50713,1.5074,1.00,1.00
2016.11.17 05:46:25.382,1.50714,1.5074,1.00,1.00
2016.11.17 05:46:26.460,1.50714,1.50743,1.50,1.00
2016.11.17 05:46:27.317,1.50716,1.50745,1.00,1.00
2016.11.17 05:46:28.655,1.50717,1.50746,1.00,1.00
2016.11.17 05:46:29.821,1.50718,1.50746,1.00,1.00
2016.11.17 05:46:31.228,1.50714,1.50743,1.50,1.00
2016.11.17 05:46:31.329,1.50714,1.50741,1.00,1.00
2016.11.17 05:46:38.961,1.50714,1.50743,1.00,1.00
2016.11.17 05:46:39.238,1.50714,1.50741,1.00,1.00
2016.11.17 05:46:41.708,1.50713,1.50741,1.00,1.00
2016.11.17 05:46:42.035,1.50713,1.50739,1.00,1.00
2016.11.17 05:46:42.942,1.50713,1.50738,1.00,1.00
2016.11.17 05:46:43.503,1.5071,1.50738,1.00,1.00
2016.11.17 05:46:44.204,1.50713,1.50738,1.00,1.00
2016.11.17 05:46:46.495,1.50713,1.50737,1.00,1.00
2016.11.17 05:46:47.095,1.50713,1.50736,1.00,1.00
2016.11.17 05:46:47.196,1.50713,1.50738,1.00,1.00
2016.11.17 05:46:47.916,1.50714,1.50738,1.00,1.00
2016.11.17 05:46:49.062,1.50714,1.50736,1.00,1.00
2016.11.17 05:46:49.685,1.50714,1.50738,1.00,1.00
2016.11.17 05:46:50.671,1.50714,1.50737,1.00,1.00
2016.11.17 05:46:51.983,1.50714,1.50736,1.00,1.00
2016.11.17 05:46:53.516,1.50714,1.50738,1.00,1.00
2016.11.17 05:46:54.485,1.50714,1.50737,1.00,1.00
2016.11.17 05:46:55.488,1.50714,1.50738,1.00,1.00
2016.11.17 05:47:01.104,1.50714,1.50737,1.00,1.00
2016.11.17 05:47:03.839,1.50714,1.50739,1.00,1.00
2016.11.17 05:47:04.246,1.50709,1.50739,1.00,1.00
