2014.05.01 18:00:00.416,1.60768,1.60804,1.50,1.50
2014.05.01 18:00:00.522,1.60776,1.60804,1.00,1.00
2014.05.01 18:00:00.811,1.60776,1.60808,1.00,1.00
2014.05.01 18:00:00.995,1.60776,1.60802,1.00,1.00
2014.05.01 18:00:01.046,1.60771,1.60802,1.00,1.00
2014.05.01 18:00:01.147,1.60769,1.60802,1.00,1.00
2014.05.01 18:00:01.652,1.6077,1.60803,1.00,1.00
2014.05.01 18:00:01.770,1.60768,1.60803,1.00,1.00
2014.05.01 18:00:02.985,1.6077,1.60803,1.00,1.50
2014.05.01 18:00:03.447,1.60772,1.60803,1.00,1.00
2014.05.01 18:00:03.974,1.60768,1.60803,1.50,1.00
2014.05.01 18:00:08.972,1.60776,1.60803,1.00,1.00
2014.05.01 18:00:09.074,1.60776,1.60806,1.00,1.50
2014.05.01 18:00:09.870,1.60774,1.60803,1.00,1.00
2014.05.01 18:00:09.920,1.60772,1.60803,1.00,1.00
2014.05.01 18:00:10.173,1.60777,1.60805,1.00,1.00
2014.05.01 18:00:10.851,1.60777,1.60806,1.00,1.00
2014.05.01 18:00:11.594,1.60772,1.60804,1.00,1.00
2014.05.01 18:00:12.820,1.60774,1.60804,1.00,1.00
2014.05.01 18:00:14.027,1.60773,1.60804,1.00,1.00
2014.05.01 18:00:14.129,1.60771,1.60804,1.00,1.00
2014.05.01 18:00:14.230,1.60769,1.60801,1.00,1.00
2014.05.01 18:00:14.381,1.60767,1.60801,1.00,1.00
2014.05.01 18:00:14.583,1.60764,1.60797,1.00,1.00
2014.05.01 18:00:15.033,1.6076,1.60792,1.00,1.00
2014.05.01 18:00:16.439,1.60756,1.60792,1.00,1.00
2014.05.01 18:00:16.641,1.60757,1.60787,1.00,1.00
2014.05.01 18:00:17.099,1.60757,1.60783,1.00,1.00
2014.05.01 18:00:17.626,1.60757,1.60784,1.00,1.00
2014.05.01 18:00:18.382,1.60757,1.60785,1.00,1.00
2014.05.01 18:00:18.640,1.60748,1.6078,1.00,1.00
2014.05.01 18:00:18.691,1.60746,1.60776,1.00,1.00
2014.05.01 18:00:23.153,1.60739,1.60774,1.00,1.00
2014.05.01 18:00:23.683,1.60739,1.6077,1.00,1.00
2014.05.01 18:00:23.734,1.60736,1.6077,1.00,1.00
2014.05.01 18:00:24.389,1.60736,1.60772,1.00,1.00
2014.05.01 18:00:24.490,1.60738,1.60773,1.00,1.13
2014.05.01 18:00:28.652,1.60736,1.60773,1.00,1.00
2014.05.01 18:00:28.703,1.60736,1.60765,1.00,1.00
2014.05.01 18:00:29.336,1.60736,1.60764,1.00,1.00
2014.05.01 18:00:29.521,1.60728,1.60764,1.00,1.50
2014.05.01 18:00:31.820,1.60727,1.6076,1.00,1.00
2014.05.01 18:00:32.173,1.60737,1.6076,1.00,1.00
2014.05.01 18:00:32.713,1.60727,1.60756,1.50,1.00
2014.05.01 18:00:33.119,1.60727,1.60752,1.00,1.00
2014.05.01 18:00:37.452,1.60727,1.60756,1.00,1.50
2014.05.01 18:00:37.654,1.60737,1.60757,1.00,1.50
2014.05.01 18:00:38.018,1.60737,1.6076,1.00,1.00
2014.05.01 18:00:38.320,1.60727,1.6076,1.50,1.00
2014.05.01 18:00:58.641,1.60727,1.6076,1.00,1.38
2014.05.01 18:00:58.893,1.60721,1.60754,1.00,1.50
2014.05.01 18:00:59.266,1.60718,1.60754,1.00,1.50
2014.05.01 18:01:00.484,1.60718,1.6075,1.00,1.00
2014.05.01 18:01:03.720,1.60718,1.60754,1.00,1.00
2014.05.01 18:01:04.330,1.60718,1.60753,1.00,1.00
2014.05.01 18:01:16.210,1.60716,1.60749,1.50,1.00
2014.05.01 18:01:16.462,1.60707,1.60741,1.00,1.00
2014.05.01 18:01:16.563,1.60707,1.60738,1.00,1.00
2014.05.01 18:01:26.822,1.60717,1.60738,1.00,1.00
2014.05.01 18:01:27.030,1.60707,1.60738,1.00,1.00
2014.05.01 18:01:27.283,1.60713,1.60743,1.00,1.00
2014.05.01 18:01:27.586,1.60727,1.60755,1.00,1.50
2014.05.01 18:01:28.135,1.60726,1.60755,1.00,1.00
2014.05.01 18:01:30.832,1.60727,1.60755,1.00,1.00
2014.05.01 18:01:31.931,1.60726,1.60755,1.00,1.00
2014.05.01 18:01:34.337,1.60723,1.60754,1.00,1.00
2014.05.01 18:01:34.388,1.60721,1.60754,1.00,1.00
2014.05.01 18:01:43.350,1.60727,1.60755,1.00,1.00
2014.05.01 18:01:54.622,1.60718,1.6075,1.00,1.00
2014.05.01 18:01:55.157,1.60717,1.6075,1.00,1.00
2014.05.01 18:01:55.681,1.60717,1.60745,1.00,1.00
2014.05.01 18:02:48.358,1.60717,1.60746,1.00,1.00
2014.05.01 18:02:48.459,1.60717,1.6075,1.00,1.00
2014.05.01 18:02:52.989,1.60717,1.60746,1.00,1.00
2014.05.01 18:02:54.630,1.60709,1.60746,1.50,1.00
2014.05.01 18:03:00.329,1.6071,1.60746,1.00,1.00
2014.05.01 18:03:13.474,1.60709,1.60746,1.00,1.00
2014.05.01 18:03:14.729,1.60709,1.60744,1.00,1.00
2014.05.01 18:03:20.462,1.60716,1.60746,1.00,1.00
2014.05.01 18:03:21.529,1.60716,1.60745,1.00,1.00
2014.05.01 18:03:29.706,1.60716,1.6075,1.00,1.00
2014.05.01 18:03:36.589,1.60716,1.60753,1.00,1.88
2014.05.01 18:03:36.900,1.60717,1.60754,1.00,1.00
2014.05.01 18:03:37.418,1.60719,1.60754,1.00,1.00
2014.05.01 18:03:37.992,1.60717,1.60754,1.00,1.00
2014.05.01 18:03:39.741,1.60726,1.60758,1.00,1.38
2014.05.01 18:03:39.852,1.60726,1.6076,1.00,1.00
2014.05.01 18:03:40.057,1.60726,1.60764,1.00,3.00
2014.05.01 18:03:40.580,1.60726,1.60764,1.00,2.63
2014.05.01 18:03:48.550,1.60726,1.6076,1.00,1.00
2014.05.01 18:03:52.603,1.60723,1.60753,1.00,1.00
2014.05.01 18:03:52.818,1.60726,1.6076,1.00,1.00
2014.05.01 18:04:15.088,1.60727,1.60764,1.00,1.00
2014.05.01 18:04:26.415,1.60727,1.60754,1.00,1.00
2014.05.01 18:04:32.648,1.60727,1.60764,1.00,1.00
2014.05.01 18:04:35.507,1.60727,1.60754,1.00,1.00
2014.05.01 18:04:35.608,1.60724,1.60754,1.50,1.00
2014.05.01 18:04:36.946,1.60722,1.60754,1.50,1.00
2014.05.01 18:04:47.816,1.60723,1.60754,1.00,1.00
2014.05.01 18:04:57.424,1.60724,1.60754,1.00,1.00
2014.05.01 18:05:00.151,1.60722,1.60754,2.25,1.00
2014.05.01 18:05:16.418,1.60726,1.60761,1.00,1.13
2014.05.01 18:05:18.110,1.60727,1.60761,1.00,1.00
2014.05.01 18:05:18.211,1.60736,1.60761,1.00,1.00
2014.05.01 18:05:18.275,1.60736,1.60765,1.00,1.00
2014.05.01 18:05:18.381,1.60736,1.60767,1.00,1.00
2014.05.01 18:05:18.482,1.60736,1.60769,1.00,1.00
2014.05.01 18:05:18.713,1.60736,1.60771,2.25,1.00
2014.05.01 18:05:19.220,1.60736,1.60774,1.50,1.38
2014.05.01 18:05:40.648,1.60736,1.60774,1.50,1.98
2014.05.01 18:05:40.951,1.60733,1.60764,1.00,1.00
2014.05.01 18:05:41.052,1.60728,1.60764,1.00,1.00
2014.05.01 18:05:41.203,1.60726,1.60764,2.25,1.00
2014.05.01 18:05:56.658,1.60727,1.60764,1.00,1.00
2014.05.01 18:05:58.542,1.60726,1.60764,1.50,1.00
2014.05.01 18:06:03.136,1.60726,1.60758,1.00,1.00
2014.05.01 18:06:03.630,1.60721,1.60753,1.00,1.00
2014.05.01 18:06:06.227,1.60723,1.60753,1.00,1.00
2014.05.01 18:06:09.430,1.60726,1.60753,1.00,1.00
2014.05.01 18:06:09.480,1.60727,1.60762,1.00,1.13
2014.05.01 18:06:16.449,1.60727,1.60759,1.00,1.00
2014.05.01 18:06:16.751,1.60722,1.60753,1.00,1.00
2014.05.01 18:06:18.877,1.60723,1.60753,1.00,1.00
2014.05.01 18:06:19.867,1.60722,1.60753,1.00,1.00
2014.05.01 18:06:23.277,1.60726,1.60753,1.00,1.00
2014.05.01 18:06:23.328,1.60727,1.60759,1.00,1.00
2014.05.01 18:06:23.379,1.60727,1.60761,1.00,1.00
2014.05.01 18:06:30.424,1.60728,1.60761,1.00,1.00
2014.05.01 18:06:30.475,1.60736,1.60761,1.00,1.00
2014.05.01 18:06:30.525,1.60736,1.60766,1.00,1.00
2014.05.01 18:06:30.683,1.60729,1.60764,1.50,1.00
2014.05.01 18:06:31.410,1.6073,1.60764,1.00,1.00
2014.05.01 18:06:32.187,1.60728,1.60764,1.00,1.00
2014.05.01 18:06:34.432,1.60737,1.60766,1.00,1.00
2014.05.01 18:06:34.482,1.60737,1.60769,1.00,1.00
2014.05.01 18:06:34.533,1.60734,1.60763,1.50,1.00
2014.05.01 18:06:34.735,1.60732,1.60763,1.00,1.00
2014.05.01 18:06:34.937,1.6073,1.60763,1.00,1.00
2014.05.01 18:06:35.504,1.60728,1.60763,1.00,1.00
2014.05.01 18:06:36.969,1.6073,1.60763,1.00,1.00
2014.05.01 18:06:45.977,1.60731,1.60763,1.00,1.00
2014.05.01 18:06:46.631,1.6073,1.60763,1.00,1.00
2014.05.01 18:06:47.299,1.6073,1.60763,1.23,1.00
2014.05.01 18:06:52.287,1.6073,1.60763,1.00,1.00
2014.05.01 18:06:54.645,1.60732,1.60763,1.00,1.00
2014.05.01 18:06:55.042,1.60735,1.60763,1.00,1.00
2014.05.01 18:07:06.965,1.60737,1.60768,1.00,1.00
2014.05.01 18:07:07.154,1.60737,1.60772,1.00,1.00
2014.05.01 18:07:34.852,1.60737,1.60773,1.00,1.50
2014.05.01 18:07:35.609,1.60737,1.60772,1.00,1.00
2014.05.01 18:07:48.435,1.60737,1.60773,1.00,1.50
2014.05.01 18:07:48.528,1.60737,1.6077,1.00,1.00
2014.05.01 18:07:54.845,1.60737,1.60767,1.00,1.00
2014.05.01 18:07:54.946,1.60733,1.60764,1.50,1.00
2014.05.01 18:07:55.199,1.6073,1.60764,1.00,1.00
2014.05.01 18:08:06.044,1.60728,1.60764,1.50,1.50
2014.05.01 18:08:06.678,1.60726,1.60764,1.50,1.50
2014.05.01 18:08:14.999,1.60726,1.60763,1.50,1.00
2014.05.01 18:08:55.071,1.60725,1.60763,1.50,1.00
2014.05.01 18:08:58.623,1.60726,1.60763,1.00,1.00
2014.05.01 18:09:41.603,1.6073,1.60763,1.00,1.00
2014.05.01 18:09:41.754,1.6073,1.6077,1.00,1.88
2014.05.01 18:09:42.795,1.6073,1.60767,1.00,1.00
2014.05.01 18:09:43.089,1.6073,1.6077,1.00,1.88
2014.05.01 18:09:43.493,1.60737,1.6077,1.00,1.88
2014.05.01 18:09:47.720,1.60738,1.6077,1.00,1.38
2014.05.01 18:09:47.922,1.60746,1.60781,1.00,1.00
2014.05.01 18:09:48.561,1.60746,1.60782,1.00,2.63
2014.05.01 18:10:00.322,1.60743,1.60773,1.00,1.00
2014.05.01 18:10:11.655,1.60744,1.60773,1.00,1.00
2014.05.01 18:10:12.344,1.60745,1.60773,1.00,1.00
2014.05.01 18:10:26.867,1.60747,1.60773,1.00,1.00
2014.05.01 18:10:27.081,1.6075,1.60783,1.00,1.00
2014.05.01 18:10:27.182,1.60747,1.60783,1.50,1.00
2014.05.01 18:10:27.283,1.6075,1.60783,1.00,1.00
2014.05.01 18:10:28.308,1.60748,1.60783,1.00,1.50
2014.05.01 18:10:31.234,1.60747,1.60783,1.00,1.50
2014.05.01 18:10:35.634,1.60748,1.60783,1.00,1.50
2014.05.01 18:10:35.964,1.60746,1.60774,2.25,1.00
2014.05.01 18:10:41.238,1.60745,1.60774,1.50,1.00
2014.05.01 18:10:58.777,1.60744,1.60774,1.00,1.00
2014.05.01 18:11:36.221,1.60744,1.6078,1.00,1.13
2014.05.01 18:12:03.053,1.60743,1.6078,1.00,1.00
2014.05.01 18:12:04.922,1.60744,1.6078,1.00,1.00
2014.05.01 18:12:10.312,1.60743,1.6078,1.00,1.00
2014.05.01 18:12:13.172,1.60744,1.6078,1.00,1.00
2014.05.01 18:12:16.947,1.60744,1.60781,1.00,1.13
2014.05.01 18:12:17.499,1.60743,1.60781,1.00,1.13
2014.05.01 18:12:18.452,1.60743,1.60778,1.00,1.00
2014.05.01 18:12:39.357,1.60742,1.60778,1.00,1.00
2014.05.01 18:12:46.891,1.60742,1.60777,1.00,1.00
2014.05.01 18:12:48.395,1.60742,1.6078,1.00,1.13
2014.05.01 18:13:23.550,1.60742,1.60781,1.00,1.38
2014.05.01 18:13:47.353,1.60741,1.6078,1.00,1.38
2014.05.01 18:13:47.488,1.60738,1.60777,1.00,1.00
2014.05.01 18:13:48.317,1.60737,1.60777,1.00,1.00
2014.05.01 18:14:15.852,1.60738,1.60776,1.00,1.00
2014.05.01 18:14:31.129,1.60742,1.60776,1.00,1.00
2014.05.01 18:14:31.280,1.60742,1.60781,1.50,1.00
2014.05.01 18:14:31.331,1.60746,1.60781,1.00,1.00
2014.05.01 18:14:31.382,1.60746,1.60784,2.25,1.50
2014.05.01 18:14:31.898,1.60747,1.60784,1.00,1.00
2014.05.01 18:14:32.383,1.60746,1.6078,1.00,1.00
2014.05.01 18:14:37.395,1.60744,1.6078,1.00,1.00
2014.05.01 18:14:38.368,1.60744,1.60779,1.00,1.00
2014.05.01 18:14:42.639,1.60742,1.60779,1.50,1.00
2014.05.01 18:14:47.842,1.60742,1.6078,1.50,1.00
2014.05.01 18:14:50.491,1.60744,1.6078,1.00,1.00
2014.05.01 18:14:50.828,1.60746,1.6078,1.00,1.00
2014.05.01 18:14:51.578,1.60744,1.6078,1.00,1.00
2014.05.01 18:14:53.362,1.60747,1.6078,1.00,1.00
2014.05.01 18:14:53.463,1.60747,1.60784,1.00,1.00
2014.05.01 18:14:53.564,1.60747,1.60786,1.00,1.00
2014.05.01 18:15:10.628,1.6075,1.60788,1.00,1.00
2014.05.01 18:15:11.843,1.6075,1.60783,1.00,1.00
2014.05.01 18:15:11.894,1.60746,1.60783,1.00,1.00
2014.05.01 18:15:12.046,1.60744,1.60783,1.00,1.00
2014.05.01 18:15:12.634,1.60743,1.60783,1.50,1.00
2014.05.01 18:15:32.487,1.60743,1.60779,1.00,1.00
2014.05.01 18:15:32.638,1.60741,1.60779,1.50,1.00
2014.05.01 18:15:32.979,1.60738,1.60779,3.75,1.00
2014.05.01 18:15:34.964,1.60738,1.60777,2.25,1.00
2014.05.01 18:15:35.630,1.60738,1.60776,1.50,1.00
2014.05.01 18:15:37.247,1.60738,1.60771,1.00,1.00
2014.05.01 18:15:37.596,1.60733,1.60763,1.00,1.00
2014.05.01 18:15:37.646,1.60728,1.60763,3.00,1.00
2014.05.01 18:15:44.831,1.60737,1.60769,1.00,1.00
2014.05.01 18:15:44.932,1.60737,1.60771,1.00,1.00
2014.05.01 18:15:55.349,1.60732,1.60764,1.00,1.00
2014.05.01 18:15:55.450,1.6073,1.60764,1.00,1.00
2014.05.01 18:15:55.763,1.60737,1.60768,1.00,1.00
2014.05.01 18:15:55.964,1.60737,1.60772,1.00,1.00
2014.05.01 18:16:00.359,1.60737,1.60773,1.00,1.00
2014.05.01 18:16:00.580,1.60741,1.60773,1.00,1.00
2014.05.01 18:16:00.630,1.60741,1.60775,1.00,1.88
2014.05.01 18:16:01.243,1.60741,1.60779,1.00,1.00
2014.05.01 18:16:07.702,1.60741,1.60775,1.00,1.00
2014.05.01 18:16:28.888,1.60741,1.60774,1.00,1.00
2014.05.01 18:16:28.939,1.60738,1.60774,1.00,1.00
2014.05.01 18:16:28.990,1.60738,1.60772,1.00,1.00
2014.05.01 18:16:29.310,1.60736,1.60772,1.00,1.00
2014.05.01 18:16:57.467,1.60736,1.60771,1.00,1.00
2014.05.01 18:17:16.126,1.60746,1.60771,1.00,1.00
2014.05.01 18:17:16.328,1.60737,1.60771,2.25,1.00
2014.05.01 18:17:21.076,1.60737,1.60769,1.00,1.00
2014.05.01 18:17:28.007,1.60737,1.60771,1.00,1.50
2014.05.01 18:17:42.864,1.60732,1.60764,1.50,1.00
2014.05.01 18:17:48.271,1.60731,1.60764,2.25,1.00
2014.05.01 18:17:52.276,1.60737,1.60769,1.00,1.00
2014.05.01 18:17:52.807,1.60736,1.60769,1.00,1.00
2014.05.01 18:18:26.246,1.60736,1.60769,1.00,1.38
2014.05.01 18:18:52.647,1.60731,1.60769,1.50,1.38
2014.05.01 18:19:05.582,1.60731,1.60769,1.50,1.13
2014.05.01 18:19:21.215,1.60731,1.6077,1.50,1.88
2014.05.01 18:19:21.316,1.60733,1.6077,1.00,1.88
2014.05.01 18:19:21.884,1.60734,1.6077,1.00,1.88
2014.05.01 18:19:30.032,1.60734,1.6077,1.00,1.88
2014.05.01 18:19:41.750,1.60733,1.6077,1.00,1.88
2014.05.01 18:20:01.814,1.60732,1.6077,1.00,1.88
2014.05.01 18:20:01.865,1.6073,1.6077,1.50,1.88
2014.05.01 18:20:36.001,1.6073,1.60771,1.50,2.48
2014.05.01 18:20:37.307,1.6073,1.60767,1.50,1.60
2014.05.01 18:20:37.509,1.60728,1.60766,1.00,2.10
2014.05.01 18:20:37.560,1.60728,1.60766,1.00,2.48
2014.05.01 18:20:37.661,1.60728,1.60765,1.00,1.73
2014.05.01 18:20:38.178,1.60728,1.60766,1.00,1.38
2014.05.01 18:20:38.996,1.60728,1.60766,1.50,1.98
2014.05.01 18:20:39.198,1.60723,1.60762,3.00,1.38
2014.05.01 18:20:39.799,1.60726,1.60759,1.00,1.13
2014.05.01 18:20:40.111,1.60726,1.60757,1.00,1.00
2014.05.01 18:20:40.696,1.60726,1.60762,1.00,1.88
2014.05.01 18:20:41.001,1.60727,1.60762,1.00,1.00
2014.05.01 18:20:41.052,1.60728,1.60765,1.00,1.00
2014.05.01 18:20:41.675,1.60728,1.60766,1.00,1.00
2014.05.01 18:20:42.451,1.60728,1.60765,1.00,1.00
2014.05.01 18:20:43.160,1.60728,1.60764,1.00,1.00
2014.05.01 18:20:43.262,1.60724,1.60756,1.50,1.00
2014.05.01 18:20:43.565,1.60719,1.60757,1.00,1.00
2014.05.01 18:20:44.092,1.60721,1.60757,1.00,1.00
2014.05.01 18:20:46.651,1.60721,1.60756,1.00,1.00
2014.05.01 18:20:46.802,1.60717,1.60755,3.00,1.00
2014.05.01 18:20:47.325,1.60718,1.60756,1.00,1.00
2014.05.01 18:20:47.676,1.60717,1.60753,1.00,1.00
2014.05.01 18:20:47.777,1.60718,1.60756,1.00,1.00
2014.05.01 18:20:48.696,1.60717,1.60752,1.00,1.00
2014.05.01 18:20:49.155,1.60718,1.60756,1.00,1.00
2014.05.01 18:20:50.094,1.60717,1.60752,1.00,1.00
2014.05.01 18:20:50.346,1.60714,1.60752,1.50,1.00
2014.05.01 18:20:56.597,1.60716,1.60752,1.00,1.00
2014.05.01 18:20:58.064,1.60714,1.60752,1.50,1.00
2014.05.01 18:20:59.068,1.60714,1.60751,1.50,1.00
2014.05.01 18:20:59.627,1.60714,1.60752,1.50,1.00
2014.05.01 18:20:59.786,1.60716,1.60752,1.00,1.00
2014.05.01 18:21:32.088,1.60716,1.60753,1.00,1.00
2014.05.01 18:21:32.395,1.60727,1.60758,1.00,1.50
2014.05.01 18:21:32.496,1.60727,1.6076,1.00,1.00
2014.05.01 18:21:32.597,1.60727,1.60763,1.00,1.00
2014.05.01 18:21:35.046,1.60728,1.60763,1.00,1.00
2014.05.01 18:21:43.350,1.60736,1.60768,1.00,1.30
2014.05.01 18:21:45.778,1.60736,1.60769,1.00,1.88
2014.05.01 18:21:45.930,1.60736,1.60771,1.00,1.00
2014.05.01 18:21:45.980,1.60741,1.60771,1.00,1.00
2014.05.01 18:21:46.190,1.60736,1.60773,1.50,1.00
2014.05.01 18:21:46.240,1.60738,1.60773,1.00,1.00
2014.05.01 18:21:46.292,1.60738,1.60778,1.50,1.00
2014.05.01 18:21:47.135,1.60746,1.60778,1.00,1.00
2014.05.01 18:21:47.185,1.60746,1.60781,1.00,1.00
2014.05.01 18:21:47.923,1.60746,1.60776,1.00,1.00
2014.05.01 18:21:48.024,1.60746,1.60781,1.00,1.50
2014.05.01 18:22:16.170,1.60746,1.60779,1.00,1.00
2014.05.01 18:22:20.685,1.60746,1.60776,1.00,1.00
2014.05.01 18:22:20.887,1.6074,1.60771,1.00,1.00
2014.05.01 18:22:20.938,1.60737,1.60771,1.50,1.00
2014.05.01 18:22:29.154,1.60746,1.60771,1.00,1.00
2014.05.01 18:22:29.435,1.60737,1.60771,1.00,1.00
2014.05.01 18:22:34.654,1.60746,1.60771,1.00,1.00
2014.05.01 18:22:49.194,1.60746,1.6077,1.00,1.00
2014.05.01 18:22:49.485,1.60737,1.6077,1.13,1.00
2014.05.01 18:23:09.673,1.60737,1.60769,1.00,1.00
2014.05.01 18:23:10.408,1.60737,1.6077,1.00,1.50
2014.05.01 18:23:41.024,1.60737,1.60768,1.00,1.00
2014.05.01 18:23:41.328,1.60727,1.60761,1.88,1.00
2014.05.01 18:23:41.379,1.60727,1.60761,1.50,1.00
2014.05.01 18:23:42.823,1.60727,1.60758,1.50,1.00
2014.05.01 18:24:06.938,1.60737,1.60758,1.00,1.00
2014.05.01 18:24:07.112,1.60726,1.60758,1.50,1.00
2014.05.01 18:24:18.476,1.60726,1.60759,1.50,1.00
2014.05.01 18:24:31.548,1.60736,1.60759,1.00,1.00
2014.05.01 18:24:31.599,1.60736,1.60763,1.00,1.00
2014.05.01 18:24:31.700,1.60736,1.60768,1.00,2.25
2014.05.01 18:24:31.801,1.60736,1.60771,1.00,1.00
2014.05.01 18:24:32.512,1.60736,1.60772,1.00,1.50
2014.05.01 18:24:50.387,1.60736,1.6077,1.00,1.00
2014.05.01 18:24:52.369,1.60736,1.60772,1.00,1.00
2014.05.01 18:25:00.205,1.60736,1.60773,1.00,2.25
2014.05.01 18:25:03.661,1.60736,1.60772,1.00,1.00
2014.05.01 18:25:18.535,1.60736,1.60769,1.00,1.00
2014.05.01 18:25:29.987,1.60736,1.60763,1.00,1.00
2014.05.01 18:25:30.088,1.60727,1.60757,1.00,1.00
2014.05.01 18:25:30.765,1.60726,1.60757,1.00,1.00
2014.05.01 18:25:44.589,1.60737,1.60757,1.00,1.00
2014.05.01 18:26:02.225,1.60727,1.60757,1.00,1.00
2014.05.01 18:26:18.435,1.60727,1.60759,1.00,1.00
2014.05.01 18:26:25.852,1.60727,1.60754,1.00,1.00
2014.05.01 18:26:25.953,1.60727,1.60758,1.00,1.00
2014.05.01 18:26:26.155,1.60727,1.60755,1.05,1.00
2014.05.01 18:26:26.408,1.60717,1.60749,1.13,1.00
2014.05.01 18:26:40.974,1.60717,1.60748,1.00,1.00
2014.05.01 18:26:41.475,1.60717,1.60749,1.00,1.00
2014.05.01 18:26:48.705,1.60717,1.6075,1.00,1.00
2014.05.01 18:26:49.330,1.60717,1.60751,1.00,1.00
2014.05.01 18:26:53.779,1.60726,1.60751,1.00,1.00
2014.05.01 18:26:54.032,1.60726,1.60757,1.00,1.00
2014.05.01 18:27:04.570,1.60736,1.60757,1.00,1.00
2014.05.01 18:27:06.881,1.60726,1.60757,1.00,1.00
2014.05.01 18:27:33.397,1.60736,1.60757,1.00,1.00
2014.05.01 18:27:34.688,1.60736,1.60761,1.00,2.25
2014.05.01 18:27:50.543,1.60728,1.60761,1.00,2.25
2014.05.01 18:27:50.699,1.60726,1.60761,1.00,3.00
2014.05.01 18:27:52.868,1.60726,1.6076,1.00,1.00
2014.05.01 18:27:52.918,1.60726,1.60757,1.00,1.00
2014.05.01 18:28:04.360,1.60728,1.60757,1.00,1.00
2014.05.01 18:28:04.800,1.60726,1.60756,1.00,1.00
2014.05.01 18:28:05.846,1.60736,1.60759,1.00,1.00
2014.05.01 18:28:21.509,1.60729,1.60759,1.00,1.00
2014.05.01 18:28:21.939,1.60726,1.60759,2.25,1.00
2014.05.01 18:28:23.860,1.60726,1.60755,1.00,1.00
2014.05.01 18:28:26.172,1.60729,1.6076,1.00,1.00
2014.05.01 18:28:26.374,1.60727,1.6076,1.00,1.00
2014.05.01 18:28:26.880,1.60727,1.6076,1.30,1.00
2014.05.01 18:28:27.057,1.60736,1.6076,1.00,1.00
2014.05.01 18:28:28.015,1.60736,1.60757,1.00,1.00
2014.05.01 18:28:28.166,1.60727,1.60757,1.00,1.00
2014.05.01 18:28:29.067,1.60737,1.60757,1.00,1.00
2014.05.01 18:28:29.168,1.60737,1.6076,1.00,1.00
2014.05.01 18:28:33.983,1.60737,1.60757,1.00,1.00
2014.05.01 18:28:34.085,1.60737,1.60764,1.00,1.00
2014.05.01 18:28:34.136,1.60729,1.6076,2.10,1.00
2014.05.01 18:28:34.237,1.60728,1.60761,1.00,1.00
2014.05.01 18:28:34.388,1.60726,1.60761,1.50,1.00
2014.05.01 18:28:37.286,1.60737,1.60761,1.00,1.00
2014.05.01 18:28:37.616,1.60729,1.60761,1.00,1.00
2014.05.01 18:28:37.717,1.60727,1.60761,1.00,1.00
2014.05.01 18:28:49.166,1.60736,1.60761,1.00,1.00
2014.05.01 18:28:49.827,1.60727,1.60761,1.50,1.00
2014.05.01 18:28:55.227,1.60736,1.60761,1.00,1.00
2014.05.01 18:28:55.657,1.60727,1.60761,1.50,1.00
2014.05.01 18:29:05.020,1.60727,1.60756,1.50,1.00
2014.05.01 18:29:06.272,1.60727,1.60761,1.60,1.00
2014.05.01 18:29:06.577,1.60727,1.60761,1.00,1.00
2014.05.01 18:29:34.797,1.60727,1.6076,1.13,1.00
2014.05.01 18:30:00.863,1.60722,1.6076,1.75,1.50
2014.05.01 18:30:01.186,1.60721,1.60756,1.00,1.00
2014.05.01 18:30:01.815,1.60719,1.60756,1.38,1.00
2014.05.01 18:30:02.604,1.6072,1.60756,1.38,1.00
2014.05.01 18:30:03.195,1.6072,1.60753,1.38,1.00
2014.05.01 18:30:07.155,1.60726,1.60756,1.00,1.50
2014.05.01 18:30:47.967,1.60726,1.60759,1.00,1.00
2014.05.01 18:30:48.169,1.60726,1.60756,1.00,1.00
2014.05.01 18:30:49.026,1.60726,1.60755,1.00,1.00
2014.05.01 18:30:49.577,1.60726,1.60756,1.00,1.00
2014.05.01 18:30:50.359,1.60726,1.60755,1.00,1.00
2014.05.01 18:30:51.886,1.60726,1.60756,1.00,1.00
2014.05.01 18:30:54.526,1.60726,1.60755,1.00,1.00
2014.05.01 18:30:55.297,1.60726,1.60756,1.00,1.00
2014.05.01 18:30:58.005,1.60726,1.60759,1.20,1.00
2014.05.01 18:31:07.209,1.60725,1.60759,1.13,1.00
2014.05.01 18:31:15.758,1.60722,1.60759,1.60,1.50
2014.05.01 18:31:20.530,1.60726,1.60759,1.23,1.50
2014.05.01 18:31:22.169,1.60726,1.60759,1.23,1.50
2014.05.01 18:31:22.727,1.60722,1.60759,2.18,1.50
2014.05.01 18:31:23.175,1.60722,1.60759,2.18,1.50
2014.05.01 18:31:23.719,1.60727,1.60759,1.05,1.50
2014.05.01 18:31:24.284,1.60727,1.60759,1.15,1.50
2014.05.01 18:31:25.704,1.60727,1.60759,1.20,1.50
2014.05.01 18:31:27.891,1.60727,1.60759,1.15,1.00
2014.05.01 18:31:30.224,1.60726,1.60759,1.00,1.00
2014.05.01 18:31:31.076,1.60726,1.60755,1.13,1.00
2014.05.01 18:31:31.177,1.60723,1.60755,1.23,1.50
2014.05.01 18:31:31.228,1.60721,1.60755,1.13,1.50
2014.05.01 18:31:31.743,1.60721,1.60754,1.13,1.00
2014.05.01 18:31:32.303,1.6072,1.60754,1.05,1.00
2014.05.01 18:31:35.155,1.60726,1.60755,1.00,1.50
2014.05.01 18:31:43.862,1.60719,1.60753,1.45,1.00
2014.05.01 18:31:43.913,1.60719,1.60753,1.23,1.00
2014.05.01 18:31:43.963,1.60719,1.60746,1.23,1.00
2014.05.01 18:31:44.518,1.60719,1.60746,1.00,1.00
2014.05.01 18:31:46.476,1.60719,1.60748,1.00,1.00
2014.05.01 18:31:50.674,1.60719,1.60745,1.00,1.00
2014.05.01 18:31:57.393,1.60717,1.60745,1.00,1.00
2014.05.01 18:32:07.291,1.60718,1.60745,1.00,1.00
2014.05.01 18:32:07.984,1.60717,1.60745,1.00,1.00
2014.05.01 18:32:16.864,1.60717,1.60747,1.00,1.00
2014.05.01 18:32:16.969,1.60713,1.60743,1.80,1.00
2014.05.01 18:32:17.375,1.60717,1.60747,1.00,1.00
2014.05.01 18:32:17.908,1.60718,1.60747,1.00,1.00
2014.05.01 18:32:18.514,1.60718,1.60748,1.00,1.00
2014.05.01 18:32:20.636,1.60718,1.60745,1.00,1.00
2014.05.01 18:32:20.737,1.60714,1.60745,1.00,1.00
2014.05.01 18:32:25.103,1.60716,1.60745,1.00,1.00
2014.05.01 18:32:25.814,1.60716,1.60744,1.00,1.00
2014.05.01 18:32:25.915,1.60716,1.60747,1.00,1.00
2014.05.01 18:32:35.233,1.60716,1.60745,1.00,1.00
2014.05.01 18:32:36.474,1.60716,1.60751,1.00,1.00
2014.05.01 18:32:57.385,1.60716,1.60749,1.00,1.00
2014.05.01 18:33:03.876,1.60716,1.60746,1.00,1.00
2014.05.01 18:33:05.145,1.60708,1.60744,1.50,1.00
2014.05.01 18:33:06.873,1.60716,1.60746,1.00,1.50
2014.05.01 18:33:10.803,1.60716,1.60743,1.00,1.00
2014.05.01 18:33:11.085,1.60708,1.60743,1.50,1.50
2014.05.01 18:33:11.135,1.60708,1.60741,1.50,1.00
2014.05.01 18:33:14.920,1.60708,1.60742,1.00,1.00
2014.05.01 18:33:28.403,1.60708,1.60738,1.00,1.00
2014.05.01 18:33:32.370,1.60708,1.60742,1.00,1.00
2014.05.01 18:33:38.537,1.60708,1.6074,1.00,1.00
2014.05.01 18:33:43.283,1.60708,1.60733,1.00,1.00
2014.05.01 18:33:43.587,1.60707,1.6073,1.00,1.00
2014.05.01 18:33:43.833,1.60705,1.60731,1.00,1.00
2014.05.01 18:33:44.230,1.607,1.60731,1.00,1.00
2014.05.01 18:33:44.281,1.60706,1.60731,1.00,1.00
2014.05.01 18:33:44.382,1.60706,1.60733,1.00,1.00
2014.05.01 18:33:44.433,1.607,1.60733,1.00,1.00
2014.05.01 18:33:45.269,1.60698,1.60733,1.00,1.00
2014.05.01 18:33:46.107,1.60696,1.60733,2.18,1.00
2014.05.01 18:33:57.116,1.60698,1.60733,1.00,1.00
2014.05.01 18:33:57.223,1.60701,1.60733,1.00,1.00
2014.05.01 18:34:03.286,1.60701,1.60732,1.00,1.00
2014.05.01 18:34:10.562,1.60706,1.60732,1.00,1.00
2014.05.01 18:34:11.883,1.60701,1.60732,1.00,1.00
2014.05.01 18:34:13.312,1.60706,1.60732,1.00,1.00
2014.05.01 18:34:16.682,1.60706,1.60737,1.00,1.00
2014.05.01 18:34:17.431,1.60706,1.60738,1.00,1.50
2014.05.01 18:34:31.476,1.60708,1.60738,1.00,1.00
2014.05.01 18:34:36.641,1.60708,1.60741,1.00,1.50
2014.05.01 18:34:36.742,1.60708,1.60739,1.00,1.00
2014.05.01 18:34:40.541,1.6071,1.60739,1.00,1.00
2014.05.01 18:34:40.642,1.60708,1.60741,1.00,1.00
2014.05.01 18:34:40.743,1.60708,1.60739,1.00,1.00
2014.05.01 18:34:43.932,1.60708,1.60738,1.00,1.00
2014.05.01 18:34:55.022,1.60712,1.60742,1.00,1.00
2014.05.01 18:34:55.325,1.60719,1.6075,1.00,1.00
2014.05.01 18:34:55.428,1.60719,1.60752,1.00,1.00
2014.05.01 18:34:55.479,1.60717,1.60752,1.00,1.00
2014.05.01 18:34:55.573,1.6072,1.60752,1.00,1.00
2014.05.01 18:34:56.998,1.6072,1.6075,1.50,1.00
2014.05.01 18:34:57.201,1.60718,1.6075,1.00,1.00
2014.05.01 18:34:57.253,1.60718,1.60753,1.00,1.00
2014.05.01 18:34:57.304,1.60718,1.60749,1.00,1.00
2014.05.01 18:34:57.506,1.60718,1.60752,1.00,1.00
2014.05.01 18:34:58.189,1.6072,1.60752,1.00,1.00
2014.05.01 18:35:00.092,1.60727,1.60752,1.00,1.00
2014.05.01 18:35:15.478,1.60721,1.60752,1.00,1.00
2014.05.01 18:35:17.265,1.60726,1.60752,1.00,1.00
2014.05.01 18:35:21.007,1.60726,1.6075,1.00,1.00
2014.05.01 18:35:24.035,1.60726,1.60751,1.00,1.00
2014.05.01 18:35:24.474,1.60726,1.60747,1.00,1.00
2014.05.01 18:35:28.022,1.60726,1.60752,1.00,1.00
2014.05.01 18:35:31.244,1.60726,1.60751,1.00,1.00
2014.05.01 18:35:49.931,1.6072,1.60751,1.00,1.00
2014.05.01 18:35:49.989,1.6072,1.60747,1.00,1.00
2014.05.01 18:35:50.560,1.6072,1.60748,1.00,1.00
2014.05.01 18:35:54.711,1.6072,1.6075,1.00,1.00
2014.05.01 18:35:55.462,1.60726,1.6075,1.00,1.00
2014.05.01 18:35:57.643,1.60726,1.60759,1.00,1.50
2014.05.01 18:36:10.188,1.60726,1.60752,1.00,1.00
2014.05.01 18:36:26.641,1.60726,1.60761,1.00,2.25
2014.05.01 18:36:48.475,1.60726,1.6076,1.00,1.00
2014.05.01 18:36:48.728,1.60726,1.60754,1.00,1.00
2014.05.01 18:36:53.045,1.60726,1.60756,1.00,1.00
2014.05.01 18:36:55.638,1.60722,1.60756,1.98,1.00
2014.05.01 18:36:58.390,1.60722,1.60755,1.98,1.00
2014.05.01 18:37:02.230,1.60737,1.60755,1.00,1.00
2014.05.01 18:37:08.060,1.60727,1.60755,1.00,1.00
2014.05.01 18:37:16.019,1.60727,1.60756,1.00,1.00
2014.05.01 18:37:19.399,1.60737,1.60756,1.00,1.00
2014.05.01 18:37:32.189,1.60737,1.60757,1.00,1.00
2014.05.01 18:37:38.061,1.60737,1.60763,1.00,1.00
2014.05.01 18:37:38.277,1.60738,1.6077,1.00,1.50
2014.05.01 18:37:38.328,1.60738,1.60772,1.00,1.50
2014.05.01 18:37:38.875,1.60738,1.60771,1.00,1.00
2014.05.01 18:37:39.558,1.60739,1.60771,1.00,1.00
2014.05.01 18:37:46.160,1.60737,1.60771,1.00,1.00
2014.05.01 18:37:46.590,1.60747,1.6077,1.00,1.00
2014.05.01 18:37:48.989,1.60736,1.6077,1.13,1.00
2014.05.01 18:37:49.280,1.60736,1.60768,1.13,1.00
2014.05.01 18:37:49.583,1.6073,1.60762,1.38,1.00
2014.05.01 18:37:50.880,1.60729,1.60762,1.30,1.35
2014.05.01 18:38:09.118,1.60728,1.60762,2.48,1.13
2014.05.01 18:38:09.937,1.60734,1.60764,1.30,1.38
2014.05.01 18:38:10.596,1.60729,1.60764,1.98,1.38
2014.05.01 18:38:12.495,1.60729,1.60764,1.98,1.00
2014.05.01 18:38:17.629,1.60734,1.60764,1.30,1.00
2014.05.01 18:38:17.831,1.60737,1.60768,1.00,1.00
2014.05.01 18:38:17.882,1.60737,1.60774,1.60,1.00
2014.05.01 18:38:17.933,1.60741,1.60776,1.30,1.00
2014.05.01 18:38:27.870,1.6074,1.60776,1.98,1.00
2014.05.01 18:38:27.971,1.60741,1.60779,1.73,1.00
2014.05.01 18:38:28.072,1.60741,1.60779,2.03,1.50
2014.05.01 18:38:28.415,1.60747,1.60779,1.00,1.50
2014.05.01 18:38:29.579,1.60742,1.60779,1.13,1.50
2014.05.01 18:38:37.277,1.60747,1.60779,1.00,1.50
2014.05.01 18:38:45.857,1.60742,1.60779,1.13,1.00
2014.05.01 18:38:47.511,1.60747,1.60779,1.00,1.00
2014.05.01 18:38:47.995,1.60742,1.60779,1.13,1.00
2014.05.01 18:38:48.327,1.60746,1.60779,1.00,1.00
2014.05.01 18:38:56.362,1.60746,1.6078,1.00,1.00
2014.05.01 18:39:00.922,1.60746,1.60782,1.00,1.00
2014.05.01 18:39:01.480,1.60747,1.60782,1.00,1.00
2014.05.01 18:39:04.311,1.60747,1.6078,1.00,1.00
2014.05.01 18:39:08.847,1.60746,1.6078,1.50,1.50
2014.05.01 18:39:13.971,1.60743,1.6078,1.00,1.50
2014.05.01 18:39:18.527,1.60747,1.6078,1.00,1.50
2014.05.01 18:39:18.903,1.6075,1.60783,1.30,1.50
2014.05.01 18:39:22.381,1.60763,1.60786,1.30,2.25
2014.05.01 18:39:22.482,1.60763,1.6079,1.30,1.00
2014.05.01 18:39:22.634,1.60759,1.60784,1.88,1.00
2014.05.01 18:39:22.691,1.60759,1.60784,1.50,1.00
2014.05.01 18:39:22.857,1.6076,1.60788,2.10,1.00
2014.05.01 18:39:22.958,1.60764,1.60791,1.60,1.00
2014.05.01 18:39:23.059,1.60764,1.60793,1.98,1.00
2014.05.01 18:39:23.211,1.60759,1.60793,2.10,1.50
2014.05.01 18:39:26.174,1.60759,1.60789,1.00,1.00
2014.05.01 18:39:26.275,1.60757,1.60789,1.00,1.00
2014.05.01 18:39:26.427,1.60757,1.60783,1.00,1.00
2014.05.01 18:39:26.578,1.60754,1.60783,1.13,1.00
2014.05.01 18:39:26.629,1.60754,1.60789,1.13,1.00
2014.05.01 18:39:26.680,1.60754,1.60792,1.13,1.00
2014.05.01 18:39:26.730,1.60756,1.60792,1.00,1.00
2014.05.01 18:39:28.242,1.60754,1.60792,1.50,1.00
2014.05.01 18:39:28.343,1.60754,1.60784,1.50,1.00
2014.05.01 18:39:28.595,1.60751,1.60784,1.45,1.50
2014.05.01 18:39:28.956,1.60751,1.6078,1.00,1.00
2014.05.01 18:39:35.216,1.60752,1.6078,1.00,1.00
2014.05.01 18:39:36.087,1.60757,1.6078,1.00,1.00
2014.05.01 18:39:36.137,1.60757,1.60784,1.00,1.00
2014.05.01 18:39:36.440,1.60758,1.60793,1.00,1.00
2014.05.01 18:39:36.693,1.60758,1.60788,1.00,1.00
2014.05.01 18:39:37.023,1.60758,1.6078,1.00,1.00
2014.05.01 18:39:37.073,1.60753,1.6078,1.00,1.00
2014.05.01 18:39:45.330,1.60751,1.6078,1.45,1.00
2014.05.01 18:39:51.561,1.60751,1.6078,1.00,1.00
2014.05.01 18:40:00.795,1.60751,1.60782,1.28,1.00
2014.05.01 18:40:09.853,1.6075,1.60782,1.00,1.00
2014.05.01 18:40:09.954,1.60748,1.60782,1.00,1.00
2014.05.01 18:40:10.502,1.60747,1.60782,1.00,1.00
2014.05.01 18:40:11.160,1.60746,1.60782,1.00,1.50
2014.05.01 18:40:35.105,1.60748,1.60782,1.00,1.00
2014.05.01 18:40:35.408,1.60751,1.60783,1.00,1.50
2014.05.01 18:40:35.743,1.60751,1.60781,1.00,1.00
2014.05.01 18:40:37.647,1.60746,1.60781,1.00,1.00
2014.05.01 18:40:52.525,1.60746,1.6078,1.00,1.00
2014.05.01 18:41:21.966,1.60746,1.60782,1.00,1.00
2014.05.01 18:41:22.611,1.60749,1.60782,1.00,1.00
2014.05.01 18:41:33.442,1.60746,1.60782,1.50,1.00
2014.05.01 18:41:36.225,1.60748,1.60782,1.00,1.00
2014.05.01 18:41:39.925,1.60748,1.60783,1.00,1.00
2014.05.01 18:41:40.228,1.60751,1.60782,1.00,1.00
2014.05.01 18:41:41.694,1.60751,1.60784,1.00,1.00
2014.05.01 18:41:45.451,1.60752,1.60787,1.00,1.00
2014.05.01 18:41:48.842,1.60752,1.60788,1.00,1.00
2014.05.01 18:41:49.300,1.60752,1.60785,1.00,1.00
2014.05.01 18:42:09.704,1.60751,1.60784,1.00,1.00
2014.05.01 18:42:25.755,1.60751,1.60789,1.00,1.50
2014.05.01 18:42:27.279,1.60751,1.60788,1.00,1.00
2014.05.01 18:42:35.336,1.60756,1.60788,1.00,1.00
2014.05.01 18:42:37.385,1.60756,1.60789,1.00,1.00
2014.05.01 18:42:38.915,1.60756,1.60788,1.00,1.00
2014.05.01 18:42:44.635,1.60756,1.60789,1.00,1.00
2014.05.01 18:42:45.170,1.60756,1.60788,1.00,1.50
2014.05.01 18:42:50.446,1.60751,1.60788,1.50,1.00
2014.05.01 18:42:55.165,1.60756,1.60788,1.00,1.00
2014.05.01 18:43:00.471,1.60756,1.60784,1.00,1.00
2014.05.01 18:43:00.572,1.60752,1.60784,1.00,1.00
2014.05.01 18:43:01.007,1.60751,1.60782,1.00,1.00
2014.05.01 18:43:21.642,1.60755,1.60782,1.00,1.00
2014.05.01 18:43:23.347,1.60751,1.60782,1.00,1.00
2014.05.01 18:43:23.448,1.60754,1.60782,1.00,1.00
2014.05.01 18:43:24.531,1.60754,1.60783,1.00,1.00
2014.05.01 18:43:27.532,1.60754,1.60786,1.00,1.00
2014.05.01 18:43:27.735,1.60757,1.60786,1.00,1.00
2014.05.01 18:43:28.404,1.60759,1.60786,1.00,1.00
2014.05.01 18:43:29.904,1.60757,1.60786,1.00,1.00
2014.05.01 18:43:30.935,1.60757,1.60788,1.00,1.00
2014.05.01 18:43:33.903,1.60757,1.60786,1.00,1.00
2014.05.01 18:43:36.383,1.6076,1.60786,1.00,1.00
2014.05.01 18:43:40.941,1.60759,1.60786,1.00,1.00
2014.05.01 18:43:41.327,1.60767,1.60786,1.00,1.00
2014.05.01 18:43:41.428,1.60767,1.60789,1.00,1.00
2014.05.01 18:43:41.630,1.60767,1.60799,1.00,1.00
2014.05.01 18:43:41.883,1.60766,1.60802,1.50,1.00
2014.05.01 18:43:43.824,1.60777,1.60807,1.00,1.50
2014.05.01 18:43:43.925,1.60775,1.60807,1.00,1.00
2014.05.01 18:43:44.404,1.60775,1.60804,1.00,1.00
2014.05.01 18:43:44.606,1.60775,1.60807,1.00,1.00
2014.05.01 18:43:45.465,1.60771,1.60801,1.50,1.00
2014.05.01 18:43:46.001,1.60771,1.608,1.00,1.00
2014.05.01 18:43:49.451,1.60771,1.60799,1.00,1.00
2014.05.01 18:43:50.621,1.60767,1.60799,1.50,1.00
2014.05.01 18:43:56.193,1.60767,1.60797,1.00,1.00
2014.05.01 18:43:58.564,1.60768,1.60797,1.00,1.00
2014.05.01 18:44:00.061,1.60771,1.60797,1.00,1.00
2014.05.01 18:44:00.371,1.60776,1.60797,1.00,1.00
2014.05.01 18:44:00.523,1.60776,1.60802,1.00,1.00
2014.05.01 18:44:00.624,1.60777,1.60807,1.00,1.50
2014.05.01 18:44:00.675,1.60777,1.60812,1.00,1.00
2014.05.01 18:44:00.900,1.60777,1.60815,1.00,1.00
2014.05.01 18:44:21.365,1.60777,1.60813,1.00,1.00
2014.05.01 18:44:43.351,1.60778,1.60818,1.00,1.00
2014.05.01 18:44:52.123,1.60779,1.60818,1.00,1.00
2014.05.01 18:44:52.275,1.60787,1.60818,1.00,1.00
2014.05.01 18:45:00.193,1.60778,1.60818,1.00,1.00
2014.05.01 18:45:00.940,1.60777,1.60815,1.00,1.00
2014.05.01 18:45:01.316,1.60786,1.60815,1.00,1.00
2014.05.01 18:45:04.606,1.60786,1.60817,1.00,1.00
2014.05.01 18:45:05.419,1.60786,1.60818,1.00,1.50
2014.05.01 18:45:29.313,1.60786,1.60814,1.00,1.00
2014.05.01 18:45:29.465,1.60779,1.60809,1.50,1.00
2014.05.01 18:45:29.567,1.60777,1.60809,1.50,1.00
2014.05.01 18:45:29.869,1.60777,1.60811,1.00,1.00
2014.05.01 18:45:33.799,1.60777,1.60813,1.00,1.00
2014.05.01 18:45:35.182,1.60777,1.60811,1.00,1.00
2014.05.01 18:45:36.801,1.60777,1.6081,1.00,1.00
2014.05.01 18:45:37.103,1.6077,1.60802,1.00,1.00
2014.05.01 18:45:37.387,1.60768,1.60806,1.00,1.53
2014.05.01 18:45:39.042,1.60768,1.60804,1.00,1.00
2014.05.01 18:45:39.374,1.60777,1.60805,1.00,1.00
2014.05.01 18:45:43.223,1.60777,1.60804,1.00,1.00
2014.05.01 18:45:43.432,1.60768,1.60804,1.00,1.00
2014.05.01 18:45:43.942,1.60777,1.60804,1.00,1.00
2014.05.01 18:45:48.273,1.60777,1.60806,1.00,1.50
2014.05.01 18:46:00.970,1.60777,1.60805,1.00,1.00
2014.05.01 18:46:01.486,1.60777,1.60806,1.00,1.50
2014.05.01 18:46:18.874,1.60777,1.60807,1.00,1.50
2014.05.01 18:46:44.205,1.60767,1.60807,1.00,1.50
2014.05.01 18:46:47.691,1.60767,1.60806,1.50,1.00
2014.05.01 18:46:48.236,1.60767,1.60807,1.50,1.00
2014.05.01 18:46:48.453,1.60767,1.60804,1.00,1.00
2014.05.01 18:47:04.330,1.60777,1.60804,1.00,1.00
2014.05.01 18:47:16.320,1.60767,1.60804,1.00,1.00
2014.05.01 18:47:16.892,1.60767,1.60805,1.00,1.00
2014.05.01 18:47:24.351,1.60776,1.60805,1.00,1.00
2014.05.01 18:47:33.262,1.60767,1.60805,1.00,1.00
2014.05.01 18:47:35.681,1.60776,1.60805,1.00,1.00
2014.05.01 18:47:36.450,1.60766,1.60805,1.00,1.00
2014.05.01 18:47:39.089,1.60777,1.60805,1.00,1.00
2014.05.01 18:47:44.077,1.60777,1.60803,1.00,1.00
2014.05.01 18:47:44.279,1.60777,1.60805,1.00,1.00
2014.05.01 18:47:44.708,1.60777,1.60808,1.00,1.00
2014.05.01 18:47:44.859,1.60779,1.60808,1.00,1.00
2014.05.01 18:47:45.192,1.60787,1.60808,1.00,1.00
2014.05.01 18:47:46.614,1.60787,1.60805,1.00,1.00
2014.05.01 18:47:46.790,1.60779,1.60805,1.00,1.00
2014.05.01 18:48:10.605,1.60776,1.60805,1.00,1.00
2014.05.01 18:48:25.267,1.60776,1.60804,1.00,1.00
2014.05.01 18:48:25.768,1.60776,1.60805,1.00,1.00
2014.05.01 18:48:36.228,1.60776,1.60804,1.00,1.00
2014.05.01 18:48:36.380,1.60776,1.60802,1.00,1.00
2014.05.01 18:48:39.190,1.60776,1.60804,1.00,1.00
2014.05.01 18:48:39.369,1.60772,1.60804,1.00,1.00
2014.05.01 18:48:45.344,1.60777,1.60804,1.00,1.00
2014.05.01 18:48:46.279,1.60777,1.60805,1.00,1.00
2014.05.01 18:48:46.703,1.60777,1.60803,1.00,1.00
2014.05.01 18:48:46.754,1.60774,1.60803,1.00,1.00
2014.05.01 18:48:47.371,1.60774,1.60804,1.00,1.00
2014.05.01 18:48:49.524,1.60777,1.60804,1.00,1.00
2014.05.01 18:48:50.479,1.60774,1.60804,1.00,1.00
2014.05.01 18:48:50.530,1.60774,1.60806,1.00,1.00
2014.05.01 18:48:50.631,1.60777,1.60806,1.00,1.00
2014.05.01 18:48:50.935,1.60777,1.60804,1.00,1.00
2014.05.01 18:48:51.289,1.60773,1.60804,1.00,1.00
2014.05.01 18:48:51.451,1.60767,1.60804,1.00,1.00
2014.05.01 18:48:51.988,1.60767,1.60805,1.00,1.00
2014.05.01 18:48:53.408,1.60767,1.60804,1.00,1.50
2014.05.01 18:48:54.112,1.60767,1.60801,1.00,1.00
2014.05.01 18:49:01.842,1.60763,1.60793,1.00,1.00
2014.05.01 18:49:01.944,1.60761,1.60792,1.00,1.00
2014.05.01 18:49:02.529,1.60761,1.60793,1.00,1.00
2014.05.01 18:49:04.039,1.60761,1.60789,1.00,1.00
2014.05.01 18:49:04.937,1.60761,1.60792,1.00,1.00
2014.05.01 18:49:11.698,1.60761,1.60789,1.00,1.00
2014.05.01 18:49:12.207,1.6076,1.60789,1.00,1.00
2014.05.01 18:49:15.299,1.60757,1.60789,1.00,1.00
2014.05.01 18:49:15.402,1.60757,1.60785,1.00,1.00
2014.05.01 18:49:15.704,1.60755,1.60783,1.00,1.00
2014.05.01 18:49:18.209,1.60751,1.60783,1.00,1.00
2014.05.01 18:49:21.349,1.60749,1.60783,1.00,1.00
2014.05.01 18:49:21.501,1.60752,1.6078,1.00,1.00
2014.05.01 18:49:22.451,1.60747,1.6078,2.48,1.00
2014.05.01 18:49:26.327,1.60747,1.60783,1.73,2.25
2014.05.01 18:49:26.378,1.60747,1.6078,1.13,1.00
2014.05.01 18:49:26.681,1.60734,1.60764,1.00,1.50
2014.05.01 18:49:27.094,1.6073,1.60764,1.00,1.50
2014.05.01 18:49:27.245,1.60728,1.60764,1.50,1.00
2014.05.01 18:49:27.854,1.60727,1.60764,1.00,1.00
2014.05.01 18:49:27.905,1.60726,1.60762,1.00,1.00
2014.05.01 18:49:27.956,1.60723,1.60761,1.13,1.00
2014.05.01 18:49:31.229,1.60727,1.60761,1.00,1.00
2014.05.01 18:49:31.877,1.60723,1.60761,1.13,1.00
2014.05.01 18:49:36.058,1.60727,1.60761,1.00,1.00
2014.05.01 18:49:54.654,1.60723,1.60754,1.00,1.00
2014.05.01 18:49:54.986,1.60721,1.60751,1.00,1.00
2014.05.01 18:49:55.709,1.60722,1.60751,1.00,1.00
2014.05.01 18:49:57.499,1.60719,1.6075,1.00,1.00
2014.05.01 18:49:57.600,1.60716,1.60746,1.00,1.00
2014.05.01 18:49:57.903,1.60715,1.60744,1.00,1.00
2014.05.01 18:49:58.313,1.60719,1.60744,1.00,1.00
2014.05.01 18:49:58.414,1.60719,1.60753,1.00,1.38
2014.05.01 18:49:58.515,1.60727,1.6076,1.00,1.00
2014.05.01 18:49:59.020,1.60727,1.60761,1.00,1.00
2014.05.01 18:50:01.448,1.60727,1.60763,1.00,1.00
2014.05.01 18:50:02.820,1.60726,1.60754,1.50,1.00
2014.05.01 18:50:02.972,1.60724,1.60754,1.00,1.00
2014.05.01 18:50:03.073,1.6072,1.60754,1.50,1.00
2014.05.01 18:50:03.123,1.6072,1.60749,1.50,1.00
2014.05.01 18:50:03.661,1.60717,1.60749,1.38,1.00
2014.05.01 18:50:05.358,1.60717,1.60748,1.38,1.00
2014.05.01 18:50:08.500,1.60719,1.60749,1.13,1.00
2014.05.01 18:50:12.490,1.60719,1.60752,1.13,1.00
2014.05.01 18:50:21.945,1.60717,1.60753,1.38,1.00
2014.05.01 18:50:33.090,1.60717,1.60753,1.65,1.00
2014.05.01 18:50:45.160,1.60716,1.6075,1.88,1.00
2014.05.01 18:50:45.521,1.60716,1.60745,1.00,1.00
2014.05.01 18:50:46.398,1.60716,1.60747,1.00,1.00
2014.05.01 18:50:47.803,1.60716,1.60746,1.00,1.00
2014.05.01 18:50:48.557,1.60716,1.60745,1.00,1.00
2014.05.01 18:50:50.817,1.60716,1.60749,1.00,1.00
2014.05.01 18:50:50.918,1.60716,1.60745,1.00,1.00
2014.05.01 18:50:51.442,1.60716,1.60743,1.00,1.00
2014.05.01 18:50:52.240,1.60716,1.60742,1.00,1.00
2014.05.01 18:50:52.849,1.60716,1.60743,1.00,1.00
2014.05.01 18:51:02.875,1.6071,1.60743,1.38,1.00
2014.05.01 18:51:08.090,1.6071,1.60743,1.13,1.00
2014.05.01 18:51:13.438,1.6071,1.60744,1.13,1.00
2014.05.01 18:51:16.032,1.6071,1.60743,1.13,1.00
2014.05.01 18:51:21.958,1.60709,1.60745,1.38,1.00
2014.05.01 18:51:22.060,1.60713,1.60747,1.00,1.00
2014.05.01 18:51:22.405,1.60726,1.60748,1.00,1.00
2014.05.01 18:51:23.278,1.60716,1.60748,1.00,1.00
2014.05.01 18:51:32.877,1.60713,1.60734,1.00,1.13
2014.05.01 18:51:32.978,1.6071,1.60734,1.00,1.00
2014.05.01 18:51:33.079,1.60698,1.60734,1.73,1.13
2014.05.01 18:51:33.180,1.60698,1.60732,1.00,1.00
2014.05.01 18:51:33.251,1.60696,1.60732,1.00,1.00
2014.05.01 18:51:33.677,1.60698,1.60732,1.00,1.00
2014.05.01 18:51:41.204,1.60696,1.60732,1.50,1.50
2014.05.01 18:51:48.467,1.60696,1.60732,1.00,1.88
2014.05.01 18:51:54.687,1.60697,1.60732,1.00,1.88
2014.05.01 18:51:55.006,1.60706,1.60732,1.00,1.13
2014.05.01 18:51:55.583,1.60706,1.60731,1.00,1.00
2014.05.01 18:52:09.176,1.60707,1.60731,1.00,1.50
2014.05.01 18:52:09.279,1.60709,1.60735,1.00,1.00
2014.05.01 18:52:09.380,1.60717,1.60744,1.00,1.50
2014.05.01 18:52:09.482,1.60717,1.60754,1.00,1.50
2014.05.01 18:52:09.583,1.60714,1.60753,1.50,1.00
2014.05.01 18:52:09.699,1.60715,1.60747,1.00,1.00
2014.05.01 18:52:10.242,1.60714,1.60747,1.00,1.00
2014.05.01 18:52:23.646,1.60716,1.60747,1.00,1.00
2014.05.01 18:52:25.787,1.60714,1.60747,1.00,1.00
2014.05.01 18:52:37.462,1.60712,1.60747,1.00,1.00
2014.05.01 18:52:37.859,1.60708,1.60747,1.50,1.00
2014.05.01 18:52:40.389,1.60709,1.60747,1.00,1.00
2014.05.01 18:52:41.245,1.60717,1.60747,1.00,1.00
2014.05.01 18:52:44.053,1.60717,1.60751,1.00,1.00
2014.05.01 18:52:44.777,1.60717,1.60752,1.00,1.00
2014.05.01 18:52:45.785,1.60713,1.60752,2.25,1.50
2014.05.01 18:52:46.030,1.60717,1.60752,1.00,1.00
2014.05.01 18:53:01.791,1.60717,1.60746,1.00,1.00
2014.05.01 18:53:02.133,1.60717,1.60741,1.00,1.00
2014.05.01 18:53:05.555,1.60707,1.60741,1.00,1.00
2014.05.01 18:53:12.455,1.60707,1.60737,1.00,1.00
2014.05.01 18:53:40.875,1.60707,1.60736,1.00,1.00
2014.05.01 18:53:41.499,1.60707,1.60737,1.00,1.00
2014.05.01 18:53:53.919,1.607,1.60737,1.00,1.00
2014.05.01 18:53:53.970,1.607,1.60734,1.00,1.00
2014.05.01 18:53:54.021,1.60698,1.60734,1.13,1.00
2014.05.01 18:53:58.426,1.60707,1.60734,1.00,1.00
2014.05.01 18:54:03.166,1.60697,1.60734,1.88,1.00
2014.05.01 18:54:04.487,1.60699,1.60734,1.00,1.00
2014.05.01 18:54:31.733,1.60697,1.60734,1.00,1.00
2014.05.01 18:54:33.963,1.60697,1.60733,1.00,1.00
2014.05.01 18:55:02.336,1.60706,1.60733,1.00,2.25
2014.05.01 18:55:02.597,1.60697,1.60733,1.00,2.25
2014.05.01 18:55:05.414,1.60706,1.60733,1.00,2.25
2014.05.01 18:55:11.684,1.60697,1.60733,1.00,2.25
2014.05.01 18:55:15.160,1.60697,1.60732,1.00,1.00
2014.05.01 18:55:18.285,1.60706,1.60732,1.00,1.00
2014.05.01 18:55:26.424,1.60696,1.60732,1.00,1.50
2014.05.01 18:55:30.943,1.60696,1.60731,1.00,1.00
2014.05.01 18:55:40.890,1.60696,1.60731,1.00,1.38
2014.05.01 18:55:47.335,1.60697,1.60731,1.00,1.38
2014.05.01 18:56:05.979,1.60697,1.60731,1.00,1.13
2014.05.01 18:56:06.575,1.60696,1.60731,1.50,1.13
2014.05.01 18:56:13.348,1.60696,1.60731,1.50,1.38
2014.05.01 18:56:18.128,1.60696,1.60732,1.50,1.00
2014.05.01 18:56:18.412,1.60696,1.60734,2.25,1.00
2014.05.01 18:56:20.322,1.60706,1.60734,1.00,1.00
2014.05.01 18:56:38.784,1.60706,1.6074,1.00,1.00
2014.05.01 18:56:38.835,1.60706,1.60743,1.00,1.13
2014.05.01 18:56:44.469,1.60706,1.60736,1.00,1.00
2014.05.01 18:56:44.772,1.60706,1.60733,1.00,1.00
2014.05.01 18:56:45.212,1.60706,1.60727,1.00,1.00
2014.05.01 18:56:45.363,1.60706,1.60733,1.00,1.00
2014.05.01 18:56:55.499,1.60706,1.60736,1.00,1.00
2014.05.01 18:56:58.290,1.60706,1.60733,1.00,1.00
2014.05.01 18:56:58.542,1.60706,1.60736,1.00,1.50
2014.05.01 18:57:01.377,1.60706,1.60736,1.00,1.88
2014.05.01 18:57:01.528,1.60706,1.60736,1.00,1.88
2014.05.01 18:57:01.579,1.607,1.60736,1.00,1.88
2014.05.01 18:57:01.630,1.60697,1.60736,1.00,1.88
2014.05.01 18:57:01.680,1.60697,1.60726,1.00,1.00
2014.05.01 18:57:01.983,1.60696,1.60723,1.00,1.50
2014.05.01 18:57:19.341,1.60695,1.60723,1.00,1.50
2014.05.01 18:57:19.412,1.60691,1.60723,1.13,1.50
2014.05.01 18:57:19.652,1.60689,1.60723,1.00,1.50
2014.05.01 18:57:19.752,1.60686,1.60715,1.50,1.00
2014.05.01 18:57:20.074,1.60686,1.60712,1.00,1.00
2014.05.01 18:57:20.885,1.60687,1.60712,1.00,1.00
2014.05.01 18:57:40.213,1.60687,1.6071,1.00,1.00
2014.05.01 18:57:40.738,1.60687,1.60709,1.00,1.00
2014.05.01 18:57:59.721,1.60687,1.60714,1.00,2.25
2014.05.01 18:58:00.354,1.60687,1.60715,1.00,1.00
2014.05.01 18:58:01.289,1.60687,1.60713,1.00,1.00
2014.05.01 18:58:01.875,1.60687,1.60712,1.00,1.00
2014.05.01 18:58:04.386,1.60687,1.60708,1.00,1.00
2014.05.01 18:58:04.588,1.60687,1.60714,1.00,1.00
2014.05.01 18:58:05.888,1.60687,1.6071,1.00,1.50
2014.05.01 18:58:05.990,1.60687,1.60713,1.00,1.00
2014.05.01 18:58:17.213,1.60687,1.60711,1.00,1.00
2014.05.01 18:58:17.566,1.60687,1.60704,1.00,1.00
2014.05.01 18:58:17.718,1.60687,1.60714,1.00,1.00
2014.05.01 18:58:18.899,1.60687,1.6071,1.00,1.00
2014.05.01 18:58:19.297,1.60687,1.60708,1.00,2.25
2014.05.01 18:58:27.773,1.60687,1.60712,1.00,3.00
2014.05.01 18:58:32.820,1.60686,1.60712,1.00,1.50
2014.05.01 18:58:33.074,1.60686,1.60717,1.00,1.00
2014.05.01 18:58:33.124,1.60686,1.60714,1.00,1.00
2014.05.01 18:58:33.441,1.60686,1.60709,1.00,1.00
2014.05.01 18:58:33.592,1.60668,1.60706,1.38,1.00
2014.05.01 18:58:33.643,1.60667,1.60697,1.38,1.00
2014.05.01 18:58:33.694,1.60666,1.60697,1.00,1.00
2014.05.01 18:58:33.744,1.60663,1.60693,1.00,1.00
2014.05.01 18:58:34.103,1.60666,1.60689,1.00,1.00
2014.05.01 18:58:34.377,1.60656,1.60689,1.00,1.00
2014.05.01 18:58:46.397,1.60667,1.60689,1.00,1.00
2014.05.01 18:58:46.448,1.60667,1.60691,1.00,1.00
2014.05.01 18:58:49.257,1.60657,1.60691,1.00,1.00
2014.05.01 18:58:51.980,1.60657,1.60693,1.00,2.25
2014.05.01 18:59:08.073,1.60657,1.60692,1.00,1.00
2014.05.01 18:59:08.607,1.60657,1.60693,1.00,2.25
2014.05.01 18:59:13.191,1.60657,1.60688,1.00,1.00
2014.05.01 18:59:14.243,1.60657,1.60683,1.00,1.00
2014.05.01 18:59:26.484,1.60657,1.60688,1.00,1.00
2014.05.01 18:59:26.659,1.60657,1.60683,1.00,1.00
2014.05.01 18:59:32.195,1.60657,1.60686,1.00,1.00
2014.05.01 18:59:33.615,1.6065,1.60674,1.38,1.00
2014.05.01 18:59:33.666,1.60648,1.60671,1.50,1.00
2014.05.01 18:59:33.717,1.60646,1.60671,1.00,1.00
2014.05.01 18:59:33.818,1.60647,1.60666,1.00,1.00
2014.05.01 18:59:33.869,1.60647,1.60669,1.00,1.00
2014.05.01 18:59:34.165,1.60637,1.60669,1.00,1.00
2014.05.01 18:59:34.217,1.60637,1.60665,1.00,1.00
2014.05.01 18:59:34.320,1.60637,1.6067,1.00,1.00
2014.05.01 18:59:35.120,1.60647,1.6067,1.00,1.00
2014.05.01 18:59:35.221,1.60647,1.60676,1.00,1.00
2014.05.01 18:59:37.883,1.60637,1.60673,1.50,1.00
2014.05.01 18:59:38.188,1.60636,1.60669,1.00,1.00
2014.05.01 18:59:38.999,1.60636,1.60668,1.00,1.00
2014.05.01 18:59:39.835,1.60636,1.60672,1.00,1.00
2014.05.01 18:59:39.936,1.60639,1.60674,1.00,1.00
2014.05.01 18:59:39.987,1.60639,1.60678,1.00,1.00
2014.05.01 18:59:40.294,1.60637,1.60675,1.00,1.00
2014.05.01 18:59:41.056,1.60636,1.60675,1.50,1.00
2014.05.01 18:59:41.107,1.60637,1.60677,1.00,1.00
2014.05.01 18:59:41.282,1.60639,1.60677,1.00,1.00
2014.05.01 18:59:41.463,1.60637,1.60677,1.00,1.00
2014.05.01 18:59:41.902,1.60636,1.60672,1.00,1.00
2014.05.01 18:59:42.221,1.60639,1.60672,1.00,1.00
2014.05.01 18:59:42.772,1.60638,1.60672,1.00,1.00
2014.05.01 18:59:44.036,1.60636,1.60672,1.00,1.00
2014.05.01 18:59:44.728,1.60638,1.60674,1.00,1.00
2014.05.01 18:59:44.779,1.60638,1.60678,1.00,1.00
2014.05.01 18:59:44.829,1.60641,1.60678,1.00,1.00
2014.05.01 18:59:44.931,1.60643,1.60682,1.00,1.00
2014.05.01 18:59:45.124,1.60644,1.60678,1.00,1.00
2014.05.01 18:59:45.930,1.60644,1.60683,1.00,1.00
2014.05.01 18:59:46.167,1.60644,1.60679,1.00,1.00
2014.05.01 18:59:46.310,1.60636,1.60674,1.00,1.00
2014.05.01 18:59:48.661,1.60641,1.6068,1.00,1.50
2014.05.01 18:59:48.812,1.60645,1.60681,1.00,1.00
2014.05.01 18:59:48.863,1.60646,1.60684,1.00,1.50
2014.05.01 18:59:49.687,1.60645,1.6068,1.00,1.00
2014.05.01 18:59:50.364,1.60646,1.60684,1.00,1.00
2014.05.01 18:59:50.541,1.60648,1.60684,1.00,1.00
2014.05.01 18:59:50.995,1.60649,1.6068,1.00,1.00
2014.05.01 18:59:51.197,1.60648,1.60685,1.00,1.00
2014.05.01 18:59:51.298,1.60648,1.60681,1.00,1.00
2014.05.01 18:59:51.522,1.60644,1.60681,1.50,1.00
2014.05.01 18:59:51.660,1.60647,1.60685,1.00,1.00
2014.05.01 18:59:51.711,1.6065,1.60688,1.50,1.50
2014.05.01 18:59:52.013,1.6065,1.60681,2.25,1.00
2014.05.01 18:59:52.215,1.6065,1.60688,1.00,1.00
2014.05.01 18:59:52.316,1.60649,1.60686,1.00,1.00
2014.05.01 18:59:52.648,1.60649,1.6068,1.00,1.00
2014.05.01 18:59:52.775,1.60647,1.6068,1.00,1.00
2014.05.01 18:59:52.876,1.60647,1.60683,1.00,1.00
2014.05.01 18:59:54.408,1.60647,1.60682,1.00,1.00
2014.05.01 18:59:54.609,1.60645,1.60683,2.25,1.00
2014.05.01 18:59:54.711,1.60647,1.60688,1.00,2.25
2014.05.01 18:59:54.912,1.60651,1.60691,1.00,1.00
2014.05.01 18:59:55.314,1.60654,1.60691,1.00,1.00
2014.05.01 18:59:55.638,1.60648,1.60686,1.00,1.00
2014.05.01 18:59:55.811,1.60648,1.60682,1.00,1.00
2014.05.01 18:59:55.912,1.60645,1.60682,1.00,1.00
2014.05.01 18:59:56.115,1.60648,1.60682,1.00,1.00
2014.05.01 18:59:56.165,1.60648,1.60685,1.00,1.00
2014.05.01 18:59:56.266,1.6065,1.60685,1.00,1.00
2014.05.01 18:59:56.418,1.60655,1.60692,1.00,1.00
2014.05.01 18:59:56.941,1.60655,1.60691,1.00,1.00
2014.05.01 18:59:58.048,1.60653,1.60691,1.00,1.00
2014.05.01 18:59:58.354,1.60654,1.60686,1.00,1.00
2014.05.01 18:59:58.455,1.60654,1.60691,1.00,1.00
2014.05.01 18:59:59.147,1.60654,1.60692,1.00,1.00
2014.05.01 18:59:59.653,1.60657,1.60694,1.00,1.00
