2012.08.17 07:00:00.213,1.52972,1.53001,1.50,2.10
2012.08.17 07:00:00.333,1.52973,1.53,1.50,1.05
2012.08.17 07:00:00.852,1.52979,1.53008,1.50,1.73
2012.08.17 07:00:01.173,1.52979,1.53006,1.50,1.46
2012.08.17 07:00:01.292,1.52979,1.53006,1.50,1.46
2012.08.17 07:00:01.693,1.52979,1.53006,1.50,2.06
2012.08.17 07:00:02.910,1.52979,1.53005,1.50,1.01
2012.08.17 07:00:03.197,1.52975,1.53005,1.50,1.65
2012.08.17 07:00:04.933,1.52974,1.53004,1.50,1.39
2012.08.17 07:00:05.497,1.52974,1.53003,1.50,1.13
2012.08.17 07:00:06.009,1.52974,1.53003,1.50,1.13
2012.08.17 07:00:06.128,1.52974,1.53003,1.50,1.39
2012.08.17 07:00:06.248,1.5297,1.53002,1.50,1.50
2012.08.17 07:00:06.367,1.5297,1.53,1.50,1.50
2012.08.17 07:00:06.486,1.5297,1.53002,1.50,1.73
2012.08.17 07:00:06.604,1.5297,1.53,1.50,1.50
2012.08.17 07:00:06.904,1.5297,1.53003,1.50,1.61
2012.08.17 07:00:07.024,1.52969,1.52998,1.50,1.50
2012.08.17 07:00:09.349,1.5297,1.53002,1.50,1.88
2012.08.17 07:00:09.526,1.52974,1.53002,1.50,1.65
2012.08.17 07:00:10.010,1.52969,1.53,1.50,1.50
2012.08.17 07:00:10.073,1.52969,1.52997,1.50,1.50
2012.08.17 07:00:11.580,1.52963,1.52994,1.50,1.50
2012.08.17 07:00:12.491,1.52965,1.52995,1.50,1.50
2012.08.17 07:00:12.814,1.52965,1.52999,1.50,1.73
2012.08.17 07:00:12.877,1.5297,1.53001,1.50,2.21
2012.08.17 07:00:14.473,1.5297,1.53001,1.50,1.99
2012.08.17 07:00:14.826,1.52975,1.53004,1.50,1.13
2012.08.17 07:00:15.174,1.5297,1.53003,1.50,1.13
2012.08.17 07:00:15.236,1.52975,1.53003,1.50,1.13
2012.08.17 07:00:16.321,1.52973,1.53003,1.50,1.61
2012.08.17 07:00:17.777,1.52969,1.53002,1.50,1.73
2012.08.17 07:00:17.840,1.52969,1.52997,1.50,1.50
2012.08.17 07:00:17.995,1.52971,1.53003,1.50,1.88
2012.08.17 07:00:18.065,1.52973,1.53003,1.50,1.88
2012.08.17 07:00:20.520,1.52966,1.53,1.50,1.50
2012.08.17 07:00:20.585,1.52966,1.52995,1.50,1.50
2012.08.17 07:00:20.981,1.52968,1.53001,1.50,1.73
2012.08.17 07:00:21.044,1.52972,1.53001,1.50,1.73
2012.08.17 07:00:23.758,1.52965,1.52996,1.50,1.50
2012.08.17 07:00:25.554,1.52965,1.52996,1.50,1.73
2012.08.17 07:00:25.899,1.52961,1.5299,1.50,1.50
2012.08.17 07:00:26.245,1.52961,1.52993,1.50,1.50
2012.08.17 07:00:26.412,1.52966,1.52995,1.50,1.73
2012.08.17 07:00:32.268,1.52966,1.52995,1.50,1.73
2012.08.17 07:00:33.482,1.52967,1.52995,1.50,1.50
2012.08.17 07:00:33.817,1.52967,1.52999,1.50,1.73
2012.08.17 07:00:33.883,1.52967,1.52995,1.50,1.73
2012.08.17 07:00:35.139,1.52967,1.52995,1.73,1.50
2012.08.17 07:00:35.371,1.52971,1.53001,1.50,1.50
2012.08.17 07:00:36.051,1.52971,1.53001,1.50,1.50
2012.08.17 07:00:36.431,1.52976,1.53005,1.50,1.50
2012.08.17 07:00:36.925,1.5297,1.53001,1.50,1.50
2012.08.17 07:00:38.352,1.52965,1.52993,1.50,1.50
2012.08.17 07:00:38.984,1.52959,1.52992,1.73,1.50
2012.08.17 07:00:39.047,1.52959,1.52988,1.73,1.50
2012.08.17 07:00:39.821,1.52959,1.52988,1.73,1.50
2012.08.17 07:00:39.941,1.52967,1.52996,1.73,1.50
2012.08.17 07:00:40.062,1.52967,1.52996,1.50,1.50
2012.08.17 07:00:40.406,1.52964,1.52995,1.02,1.50
2012.08.17 07:00:40.468,1.52962,1.52989,1.02,1.50
2012.08.17 07:00:40.530,1.52964,1.52999,1.02,1.50
2012.08.17 07:00:40.593,1.52971,1.52999,1.50,1.50
2012.08.17 07:00:41.414,1.52962,1.52993,1.50,1.50
2012.08.17 07:00:41.589,1.52971,1.52999,1.50,1.50
2012.08.17 07:00:42.274,1.52972,1.53004,1.50,1.50
2012.08.17 07:00:42.337,1.52975,1.53004,1.50,1.50
2012.08.17 07:00:43.687,1.52975,1.53002,1.50,1.50
2012.08.17 07:00:43.863,1.52955,1.52983,1.02,1.50
2012.08.17 07:00:43.928,1.5296,1.52993,1.02,1.73
2012.08.17 07:00:44.105,1.5297,1.53001,1.50,1.50
2012.08.17 07:00:44.168,1.52976,1.53004,1.50,1.50
2012.08.17 07:00:44.679,1.5297,1.53004,1.50,2.25
2012.08.17 07:00:44.742,1.5297,1.53001,1.50,1.50
2012.08.17 07:00:45.235,1.5297,1.52998,1.50,1.50
2012.08.17 07:00:45.737,1.52965,1.52994,1.50,1.50
2012.08.17 07:00:46.925,1.52959,1.5299,1.50,1.50
2012.08.17 07:00:51.075,1.52959,1.52992,1.50,1.50
2012.08.17 07:00:51.137,1.52965,1.52993,1.50,1.73
2012.08.17 07:00:51.879,1.52972,1.53,1.50,1.13
2012.08.17 07:00:52.491,1.52972,1.53,1.50,1.65
2012.08.17 07:00:52.554,1.52963,1.52994,1.50,1.50
2012.08.17 07:00:53.702,1.52958,1.52988,1.50,1.50
2012.08.17 07:00:57.848,1.52963,1.52993,1.50,1.50
2012.08.17 07:00:58.615,1.52958,1.5299,1.50,1.73
2012.08.17 07:00:58.678,1.52958,1.52987,1.50,1.50
2012.08.17 07:00:58.851,1.52953,1.52985,1.50,1.50
2012.08.17 07:00:59.025,1.52953,1.52983,1.50,1.50
2012.08.17 07:01:03.076,1.52949,1.52983,1.50,1.99
2012.08.17 07:01:03.140,1.52946,1.52977,1.50,1.50
2012.08.17 07:01:03.552,1.52946,1.52979,1.50,1.50
2012.08.17 07:01:03.715,1.52946,1.52977,1.50,1.50
2012.08.17 07:01:04.016,1.52948,1.52977,1.50,1.24
2012.08.17 07:01:04.079,1.52953,1.52981,1.50,1.46
2012.08.17 07:01:04.395,1.52946,1.52977,1.50,1.99
2012.08.17 07:01:04.456,1.52946,1.52974,1.50,1.24
2012.08.17 07:01:04.521,1.52935,1.52963,1.50,1.50
2012.08.17 07:01:05.047,1.52935,1.52962,1.50,1.50
2012.08.17 07:01:05.110,1.52937,1.52967,1.50,1.50
2012.08.17 07:01:05.175,1.52938,1.52969,1.50,1.50
2012.08.17 07:01:05.424,1.52944,1.52973,1.50,1.88
2012.08.17 07:01:06.150,1.52941,1.52969,1.50,1.24
2012.08.17 07:01:06.498,1.52937,1.52969,1.50,1.46
2012.08.17 07:01:06.692,1.52937,1.52969,1.50,2.21
2012.08.17 07:01:06.756,1.52935,1.52965,1.50,1.50
2012.08.17 07:01:09.308,1.5293,1.5296,1.50,1.50
2012.08.17 07:01:10.486,1.52927,1.5296,1.50,1.50
2012.08.17 07:01:10.550,1.52926,1.52954,2.25,1.50
2012.08.17 07:01:14.538,1.52926,1.52954,1.50,1.50
2012.08.17 07:01:15.069,1.52926,1.52953,1.50,1.50
2012.08.17 07:01:15.131,1.52926,1.52955,1.50,1.50
2012.08.17 07:01:16.542,1.52931,1.52959,1.50,1.73
2012.08.17 07:01:16.663,1.52935,1.52965,1.50,1.50
2012.08.17 07:01:17.077,1.5293,1.52963,1.50,1.50
2012.08.17 07:01:17.196,1.5293,1.52961,1.50,1.50
2012.08.17 07:01:21.809,1.52933,1.52961,1.50,1.73
2012.08.17 07:01:22.178,1.5293,1.52957,1.25,1.50
2012.08.17 07:01:22.409,1.52938,1.52966,1.50,1.05
2012.08.17 07:01:22.964,1.52935,1.52969,1.50,1.50
2012.08.17 07:01:23.392,1.52935,1.52962,1.50,1.50
2012.08.17 07:01:23.905,1.52933,1.52962,1.50,1.50
2012.08.17 07:01:24.765,1.52935,1.52962,1.50,1.50
2012.08.17 07:01:25.094,1.52933,1.52966,1.50,1.50
2012.08.17 07:01:25.441,1.52937,1.52962,1.25,1.50
2012.08.17 07:01:25.504,1.52943,1.52977,1.73,1.50
2012.08.17 07:01:25.694,1.52946,1.52977,1.50,1.50
2012.08.17 07:01:25.926,1.52942,1.52974,1.73,1.50
2012.08.17 07:01:26.101,1.52942,1.52971,1.73,1.50
2012.08.17 07:01:26.498,1.52937,1.52971,1.50,1.73
2012.08.17 07:01:26.872,1.52935,1.52966,1.50,1.50
2012.08.17 07:01:28.585,1.52938,1.52969,1.11,1.50
2012.08.17 07:01:28.913,1.52949,1.52976,1.50,1.28
2012.08.17 07:01:29.034,1.52942,1.52971,1.50,1.50
2012.08.17 07:01:31.114,1.52948,1.52974,1.02,1.50
2012.08.17 07:01:31.236,1.52948,1.52979,1.02,1.88
2012.08.17 07:01:31.358,1.52954,1.52981,1.50,1.28
2012.08.17 07:01:31.421,1.52958,1.52986,1.50,1.50
2012.08.17 07:01:31.485,1.52953,1.52984,1.02,1.50
2012.08.17 07:01:31.548,1.52953,1.52982,1.02,1.50
2012.08.17 07:01:31.668,1.52957,1.52982,1.02,1.50
2012.08.17 07:01:32.015,1.52958,1.52986,1.10,1.13
2012.08.17 07:01:32.135,1.52966,1.52994,1.50,1.50
2012.08.17 07:01:32.703,1.52964,1.52988,1.50,1.13
2012.08.17 07:01:32.773,1.52964,1.52996,1.50,1.50
2012.08.17 07:01:32.841,1.52958,1.52987,1.02,1.50
2012.08.17 07:01:32.905,1.52958,1.52991,1.77,1.50
2012.08.17 07:01:32.968,1.52961,1.52991,1.50,1.50
2012.08.17 07:01:33.031,1.52958,1.52989,1.02,1.50
2012.08.17 07:01:33.094,1.52958,1.52986,1.02,1.50
2012.08.17 07:01:33.362,1.52958,1.52991,1.77,1.50
2012.08.17 07:01:33.425,1.52961,1.52991,1.50,1.50
2012.08.17 07:01:35.033,1.52959,1.52991,1.50,1.50
2012.08.17 07:01:35.097,1.52956,1.52987,1.50,1.50
2012.08.17 07:01:35.353,1.52954,1.52987,1.77,1.50
2012.08.17 07:01:35.416,1.52952,1.52981,1.02,1.50
2012.08.17 07:01:37.359,1.52947,1.52981,2.41,1.50
2012.08.17 07:01:37.421,1.52947,1.52973,1.66,1.50
2012.08.17 07:01:37.483,1.52941,1.5297,1.18,1.50
2012.08.17 07:01:38.014,1.52947,1.52976,1.66,1.50
2012.08.17 07:01:39.120,1.52953,1.52981,1.47,1.50
2012.08.17 07:01:39.635,1.52953,1.52981,1.47,1.50
2012.08.17 07:01:40.578,1.52953,1.52981,1.47,1.50
2012.08.17 07:01:42.122,1.52953,1.52981,1.47,1.50
2012.08.17 07:01:42.886,1.52956,1.52987,1.50,1.50
2012.08.17 07:01:43.063,1.52964,1.52992,1.50,1.50
2012.08.17 07:01:46.664,1.52959,1.52991,1.12,1.50
2012.08.17 07:01:46.726,1.52959,1.52986,1.12,1.50
2012.08.17 07:01:47.635,1.52952,1.52981,1.47,1.50
2012.08.17 07:01:48.605,1.52958,1.52984,1.47,1.50
2012.08.17 07:01:49.812,1.52958,1.52982,1.12,1.50
2012.08.17 07:01:50.124,1.52953,1.5298,1.47,1.50
2012.08.17 07:01:50.439,1.52948,1.52975,1.63,1.50
2012.08.17 07:01:50.673,1.52956,1.52985,1.47,1.50
2012.08.17 07:01:51.018,1.52954,1.52985,1.47,1.73
2012.08.17 07:01:51.848,1.52957,1.52982,1.47,1.50
2012.08.17 07:01:51.910,1.52957,1.52984,1.47,1.50
2012.08.17 07:01:52.968,1.52955,1.52984,1.47,1.50
2012.08.17 07:01:53.313,1.52948,1.52975,1.73,1.50
2012.08.17 07:01:57.887,1.52949,1.52975,1.52,1.50
2012.08.17 07:01:58.062,1.52952,1.52979,1.47,1.50
2012.08.17 07:01:58.181,1.52952,1.52981,1.47,1.50
2012.08.17 07:01:58.776,1.52952,1.52981,1.47,1.50
2012.08.17 07:02:00.494,1.5295,1.52981,1.47,1.50
2012.08.17 07:02:01.414,1.52949,1.52975,1.48,1.50
2012.08.17 07:02:05.527,1.52949,1.52975,1.48,1.50
2012.08.17 07:02:06.117,1.52948,1.52968,1.19,1.50
2012.08.17 07:02:06.465,1.52948,1.52975,1.19,1.50
2012.08.17 07:02:07.546,1.52954,1.52978,1.69,1.50
2012.08.17 07:02:07.609,1.52954,1.5298,1.69,1.50
2012.08.17 07:02:08.285,1.52954,1.5298,1.69,1.50
2012.08.17 07:02:09.203,1.52949,1.52976,2.05,1.50
2012.08.17 07:02:10.352,1.52949,1.52976,1.08,1.50
2012.08.17 07:02:12.485,1.52949,1.52975,1.08,1.50
2012.08.17 07:02:12.548,1.52949,1.52976,1.08,1.50
2012.08.17 07:02:13.258,1.52953,1.52981,1.47,1.50
2012.08.17 07:02:15.534,1.52951,1.52981,1.47,1.50
2012.08.17 07:02:18.937,1.52952,1.52978,1.47,1.50
2012.08.17 07:02:19.467,1.52952,1.52979,1.47,1.50
2012.08.17 07:02:23.900,1.52958,1.52987,1.47,1.50
2012.08.17 07:02:24.406,1.52958,1.52987,1.47,1.50
2012.08.17 07:02:25.110,1.52965,1.52987,1.08,1.50
2012.08.17 07:02:25.823,1.52958,1.52987,1.11,1.50
2012.08.17 07:02:26.111,1.52953,1.52987,1.50,1.50
2012.08.17 07:02:26.501,1.52951,1.52982,1.50,1.50
2012.08.17 07:02:26.570,1.52963,1.52982,1.21,1.50
2012.08.17 07:02:26.917,1.52961,1.52982,1.89,1.50
2012.08.17 07:02:27.522,1.52961,1.52982,1.89,1.50
2012.08.17 07:02:27.697,1.52949,1.52976,1.49,1.50
2012.08.17 07:02:28.098,1.52949,1.52976,1.74,1.50
2012.08.17 07:02:30.140,1.52949,1.52975,1.36,1.50
2012.08.17 07:02:30.510,1.52941,1.5298,1.79,1.50
2012.08.17 07:02:31.973,1.52941,1.5298,1.23,2.33
2012.08.17 07:02:32.422,1.52941,1.52981,1.23,2.18
2012.08.17 07:02:33.330,1.52942,1.5298,1.15,1.28
2012.08.17 07:02:33.394,1.52942,1.5298,1.15,1.28
2012.08.17 07:02:33.460,1.52942,1.52981,1.90,1.05
2012.08.17 07:02:33.692,1.52942,1.52984,1.38,1.45
2012.08.17 07:02:33.812,1.52943,1.52981,1.21,1.35
2012.08.17 07:02:35.455,1.52944,1.52972,1.21,1.50
2012.08.17 07:02:36.524,1.52942,1.52974,1.21,1.50
2012.08.17 07:02:36.587,1.52947,1.52976,1.74,1.50
2012.08.17 07:02:38.106,1.52945,1.52976,1.74,1.50
2012.08.17 07:02:40.054,1.52943,1.52976,1.74,1.50
2012.08.17 07:02:40.118,1.52947,1.52978,1.74,1.50
2012.08.17 07:02:40.182,1.52947,1.52978,1.21,1.50
2012.08.17 07:02:41.048,1.52946,1.52973,1.21,1.50
2012.08.17 07:02:44.886,1.52944,1.52976,1.26,1.50
2012.08.17 07:02:44.949,1.52949,1.52978,1.74,1.50
2012.08.17 07:02:49.513,1.52949,1.52978,1.74,1.50
2012.08.17 07:02:50.320,1.52944,1.52971,1.48,1.50
2012.08.17 07:02:50.974,1.52941,1.52967,1.82,1.50
2012.08.17 07:02:51.324,1.52936,1.52962,1.62,1.50
2012.08.17 07:02:52.299,1.52942,1.52969,1.69,1.50
2012.08.17 07:02:52.662,1.52942,1.52971,1.69,1.50
2012.08.17 07:02:55.058,1.52946,1.52975,1.96,1.50
2012.08.17 07:03:00.189,1.52952,1.52985,1.62,1.50
2012.08.17 07:03:00.252,1.52957,1.52986,1.50,1.24
2012.08.17 07:03:00.316,1.5295,1.52983,1.21,1.50
2012.08.17 07:03:00.380,1.52944,1.52972,1.21,1.50
2012.08.17 07:03:09.473,1.52942,1.52972,1.20,1.50
2012.08.17 07:03:13.646,1.52942,1.5297,1.20,1.50
2012.08.17 07:03:13.771,1.52943,1.52971,1.74,1.50
2012.08.17 07:03:14.959,1.52942,1.52971,1.20,1.50
2012.08.17 07:03:15.644,1.52935,1.52962,1.11,1.50
2012.08.17 07:03:15.719,1.52932,1.52962,1.73,1.50
2012.08.17 07:03:16.147,1.52932,1.52962,1.62,1.50
2012.08.17 07:03:16.268,1.52933,1.52962,1.50,1.50
2012.08.17 07:03:16.794,1.52938,1.52966,1.50,1.50
2012.08.17 07:03:17.526,1.5294,1.52971,1.50,1.50
2012.08.17 07:03:17.589,1.52942,1.52971,1.50,1.50
2012.08.17 07:03:18.145,1.52934,1.5297,1.62,1.73
2012.08.17 07:03:18.210,1.52934,1.52965,1.62,1.50
2012.08.17 07:03:18.982,1.5293,1.52965,1.74,1.50
2012.08.17 07:03:19.045,1.52934,1.52965,1.50,1.50
2012.08.17 07:03:19.661,1.52927,1.52959,1.74,1.50
2012.08.17 07:03:20.005,1.52927,1.52956,1.74,1.50
2012.08.17 07:03:20.526,1.52927,1.52956,1.74,1.50
2012.08.17 07:03:20.874,1.52923,1.52951,1.41,1.50
2012.08.17 07:03:22.563,1.52923,1.52951,1.41,1.50
2012.08.17 07:03:23.254,1.52923,1.52954,1.41,1.50
2012.08.17 07:03:23.540,1.52928,1.52956,1.74,1.50
2012.08.17 07:03:24.062,1.52928,1.52956,1.74,1.50
2012.08.17 07:03:25.884,1.52928,1.52956,1.74,1.50
2012.08.17 07:03:26.067,1.52934,1.52962,1.62,1.50
2012.08.17 07:03:26.243,1.52929,1.52959,1.21,1.50
2012.08.17 07:03:26.594,1.52928,1.52962,2.01,1.50
2012.08.17 07:03:26.657,1.52933,1.52964,1.74,1.50
2012.08.17 07:03:27.003,1.52929,1.52962,1.74,1.50
2012.08.17 07:03:27.348,1.52929,1.52959,1.74,1.50
2012.08.17 07:03:34.515,1.52926,1.52959,1.74,1.50
2012.08.17 07:03:35.018,1.52925,1.52953,1.74,1.50
2012.08.17 07:03:36.651,1.52925,1.52953,1.74,1.50
2012.08.17 07:03:37.510,1.52925,1.52953,1.74,1.50
2012.08.17 07:03:38.025,1.52925,1.52953,1.74,1.50
2012.08.17 07:03:41.925,1.52922,1.52949,1.27,1.50
2012.08.17 07:03:43.530,1.52926,1.52957,1.74,1.50
2012.08.17 07:03:44.416,1.52923,1.52951,2.02,1.50
2012.08.17 07:03:44.646,1.52923,1.52955,2.02,1.50
2012.08.17 07:03:44.709,1.52928,1.52957,1.74,1.50
2012.08.17 07:03:45.901,1.52933,1.52964,1.62,1.50
2012.08.17 07:03:48.451,1.52931,1.52962,1.74,1.46
2012.08.17 07:03:48.799,1.52933,1.52961,1.74,1.24
2012.08.17 07:03:48.918,1.52929,1.52962,1.74,1.50
2012.08.17 07:03:49.664,1.52928,1.5296,1.74,1.50
2012.08.17 07:03:49.734,1.52934,1.52962,1.62,1.50
2012.08.17 07:03:51.226,1.52939,1.52967,1.50,1.50
2012.08.17 07:03:51.801,1.52945,1.52976,1.50,1.50
2012.08.17 07:03:51.933,1.52945,1.52976,1.62,1.50
2012.08.17 07:03:52.479,1.52945,1.52976,1.74,1.50
2012.08.17 07:03:53.817,1.52945,1.52976,1.74,1.50
2012.08.17 07:03:53.881,1.52952,1.5298,1.74,1.99
2012.08.17 07:03:54.173,1.52948,1.5298,1.74,1.50
2012.08.17 07:03:54.519,1.52943,1.52976,2.02,1.50
2012.08.17 07:03:54.638,1.52947,1.52976,1.74,1.50
2012.08.17 07:03:54.757,1.52943,1.52972,1.27,1.50
2012.08.17 07:03:55.372,1.52943,1.5297,1.18,1.46
2012.08.17 07:03:55.964,1.52943,1.52971,1.18,1.46
2012.08.17 07:03:56.740,1.52943,1.52972,1.67,2.21
2012.08.17 07:03:57.147,1.52939,1.52967,1.72,1.50
2012.08.17 07:03:57.307,1.52947,1.52974,1.47,1.50
2012.08.17 07:03:57.689,1.52947,1.52973,1.47,1.50
2012.08.17 07:03:58.072,1.52943,1.5297,1.83,1.50
2012.08.17 07:03:58.620,1.52943,1.5297,1.83,1.50
2012.08.17 07:03:59.167,1.52943,1.5297,1.83,1.50
2012.08.17 07:03:59.584,1.52937,1.52964,1.11,1.50
2012.08.17 07:04:00.209,1.52936,1.52963,1.50,1.73
2012.08.17 07:04:00.517,1.52936,1.52964,1.11,1.73
2012.08.17 07:04:01.049,1.52935,1.52965,1.47,1.50
2012.08.17 07:04:01.450,1.52935,1.5297,1.47,1.50
2012.08.17 07:04:01.626,1.52937,1.52965,1.02,1.50
2012.08.17 07:04:02.077,1.52939,1.5297,1.50,1.50
2012.08.17 07:04:02.140,1.52943,1.52971,1.02,1.50
2012.08.17 07:04:02.260,1.52945,1.52975,1.02,1.50
2012.08.17 07:04:02.324,1.52948,1.52977,1.73,1.50
2012.08.17 07:04:03.262,1.52946,1.52977,1.50,1.50
2012.08.17 07:04:03.325,1.52943,1.52973,1.50,1.50
2012.08.17 07:04:03.501,1.52949,1.52978,1.48,1.50
2012.08.17 07:04:03.566,1.52952,1.52981,1.25,1.50
2012.08.17 07:04:04.370,1.52946,1.52981,1.77,1.50
2012.08.17 07:04:04.491,1.5295,1.52981,1.50,1.50
2012.08.17 07:04:08.936,1.52946,1.52977,1.50,1.50
2012.08.17 07:04:09.800,1.52952,1.52981,1.50,1.50
2012.08.17 07:04:10.249,1.52952,1.52985,1.50,1.50
2012.08.17 07:04:10.368,1.52955,1.52986,1.50,1.73
2012.08.17 07:04:10.712,1.52953,1.52984,1.47,1.50
2012.08.17 07:04:10.775,1.52951,1.5298,1.47,1.50
2012.08.17 07:04:10.837,1.5295,1.5298,1.50,1.50
2012.08.17 07:04:11.069,1.5295,1.5298,1.50,1.73
2012.08.17 07:04:11.519,1.5295,1.5298,1.50,1.73
2012.08.17 07:04:11.754,1.52952,1.52991,1.85,1.05
2012.08.17 07:04:11.819,1.52965,1.52994,1.50,2.18
2012.08.17 07:04:11.945,1.52959,1.52993,1.73,1.50
2012.08.17 07:04:12.010,1.52953,1.52982,1.50,1.73
2012.08.17 07:04:12.243,1.52952,1.52982,1.50,1.50
2012.08.17 07:04:12.306,1.52957,1.52987,1.50,1.50
2012.08.17 07:04:15.466,1.52963,1.52994,1.50,1.50
2012.08.17 07:04:16.142,1.5296,1.52994,1.50,2.25
2012.08.17 07:04:16.205,1.52957,1.52989,1.73,1.50
2012.08.17 07:04:16.269,1.52954,1.52983,2.44,1.50
2012.08.17 07:04:16.688,1.52959,1.52989,1.50,1.50
2012.08.17 07:04:19.606,1.52959,1.52987,1.50,1.24
2012.08.17 07:04:19.951,1.52952,1.52982,1.47,1.73
2012.08.17 07:04:20.185,1.52953,1.52984,1.12,1.50
2012.08.17 07:04:20.628,1.52953,1.52986,1.87,1.50
2012.08.17 07:04:20.691,1.52953,1.52982,1.12,1.50
2012.08.17 07:04:21.996,1.52947,1.52979,1.73,1.50
2012.08.17 07:04:22.058,1.52947,1.52976,1.73,1.50
2012.08.17 07:04:23.383,1.52957,1.52987,1.50,1.50
2012.08.17 07:04:23.674,1.52959,1.52991,1.50,1.50
2012.08.17 07:04:23.738,1.52963,1.52991,1.50,1.50
2012.08.17 07:04:24.368,1.52957,1.52988,1.50,1.50
2012.08.17 07:04:24.543,1.52952,1.52981,1.73,1.50
2012.08.17 07:04:25.189,1.52954,1.52988,1.50,1.50
2012.08.17 07:04:25.251,1.52958,1.52988,1.50,1.50
2012.08.17 07:04:25.751,1.52952,1.52985,1.73,1.50
2012.08.17 07:04:26.150,1.52952,1.52981,1.73,1.50
2012.08.17 07:04:26.228,1.52957,1.52986,1.50,1.50
2012.08.17 07:04:26.577,1.52957,1.5299,2.00,1.50
2012.08.17 07:04:26.640,1.52962,1.52991,1.50,1.50
2012.08.17 07:04:28.093,1.52958,1.52991,1.73,1.50
2012.08.17 07:04:28.214,1.52956,1.52985,1.50,1.50
2012.08.17 07:04:29.179,1.52956,1.52984,1.50,1.50
2012.08.17 07:04:29.358,1.52951,1.52979,2.22,1.50
2012.08.17 07:04:29.744,1.52951,1.52979,1.86,1.50
2012.08.17 07:04:33.845,1.52954,1.52983,1.50,1.50
2012.08.17 07:04:34.466,1.52954,1.52983,1.73,1.50
2012.08.17 07:04:36.680,1.5295,1.52983,1.12,1.73
2012.08.17 07:04:36.743,1.52948,1.52976,1.47,1.50
2012.08.17 07:04:40.676,1.52951,1.52979,1.12,1.50
2012.08.17 07:04:40.966,1.52951,1.52981,1.87,1.50
2012.08.17 07:04:46.363,1.52952,1.52981,1.25,1.50
2012.08.17 07:04:46.768,1.52952,1.52984,1.25,1.50
2012.08.17 07:04:46.839,1.52957,1.52985,1.50,1.50
2012.08.17 07:04:50.591,1.52958,1.52994,1.50,1.73
2012.08.17 07:04:50.654,1.52963,1.52994,1.50,1.50
2012.08.17 07:04:50.947,1.52958,1.52988,1.50,1.50
2012.08.17 07:04:51.176,1.52958,1.52992,1.50,1.50
2012.08.17 07:04:51.861,1.52963,1.52994,1.50,1.50
2012.08.17 07:04:56.584,1.52968,1.52998,1.50,1.50
2012.08.17 07:05:03.355,1.52974,1.53002,1.50,1.50
2012.08.17 07:05:05.100,1.52978,1.53009,1.50,1.50
2012.08.17 07:05:05.641,1.52984,1.53013,1.50,1.50
2012.08.17 07:05:05.991,1.52976,1.53004,1.50,1.50
2012.08.17 07:05:08.080,1.52972,1.53,1.02,1.50
2012.08.17 07:05:09.034,1.52976,1.53004,1.50,1.50
2012.08.17 07:05:09.379,1.52983,1.53012,1.50,1.50
2012.08.17 07:05:09.988,1.52983,1.53012,1.50,1.50
2012.08.17 07:05:10.338,1.52995,1.53023,1.50,1.50
2012.08.17 07:05:10.644,1.5299,1.53018,1.50,1.50
2012.08.17 07:05:10.991,1.52986,1.53018,1.50,1.73
2012.08.17 07:05:11.336,1.52978,1.53013,1.50,1.50
2012.08.17 07:05:11.455,1.52984,1.53013,1.50,1.50
2012.08.17 07:05:11.572,1.52977,1.53015,2.22,1.73
2012.08.17 07:05:11.635,1.52987,1.53018,1.50,1.73
2012.08.17 07:05:12.074,1.52993,1.53023,1.50,2.96
2012.08.17 07:05:13.430,1.52989,1.53017,1.50,1.50
2012.08.17 07:05:16.879,1.52984,1.53015,1.73,1.50
2012.08.17 07:05:16.941,1.52984,1.53013,1.73,1.50
2012.08.17 07:05:18.048,1.52985,1.53018,1.73,1.50
2012.08.17 07:05:18.167,1.52989,1.53018,1.50,1.50
2012.08.17 07:05:18.286,1.52989,1.53018,1.73,1.50
2012.08.17 07:05:18.628,1.52989,1.53018,1.50,1.50
2012.08.17 07:05:18.914,1.52983,1.53014,1.73,1.50
2012.08.17 07:05:19.259,1.52989,1.53017,1.50,1.50
2012.08.17 07:05:21.100,1.52992,1.53021,1.50,1.24
2012.08.17 07:05:21.473,1.52988,1.53018,1.50,1.50
2012.08.17 07:05:22.127,1.52988,1.53021,1.50,1.50
2012.08.17 07:05:22.473,1.53003,1.5303,1.47,1.50
2012.08.17 07:05:22.596,1.53,1.5303,1.50,1.50
2012.08.17 07:05:23.004,1.53,1.53027,1.50,1.50
2012.08.17 07:05:23.125,1.53,1.53028,1.50,1.24
2012.08.17 07:05:23.244,1.53,1.53027,1.50,1.50
2012.08.17 07:05:23.363,1.52996,1.53023,1.50,1.50
2012.08.17 07:05:23.665,1.52994,1.53023,1.50,1.50
2012.08.17 07:05:23.787,1.53,1.53029,1.50,1.50
2012.08.17 07:05:24.544,1.52995,1.53025,1.50,1.50
2012.08.17 07:05:26.092,1.52995,1.53029,1.50,1.50
2012.08.17 07:05:26.155,1.53001,1.53031,1.50,1.99
2012.08.17 07:05:26.219,1.52999,1.53027,1.50,1.24
2012.08.17 07:05:26.339,1.52996,1.53027,1.50,1.99
2012.08.17 07:05:26.632,1.52999,1.53027,1.50,1.24
2012.08.17 07:05:26.885,1.53002,1.53029,1.50,1.24
2012.08.17 07:05:26.958,1.52996,1.53027,1.50,1.99
2012.08.17 07:05:27.809,1.53006,1.53027,1.12,1.50
2012.08.17 07:05:28.479,1.53007,1.53027,1.69,1.50
2012.08.17 07:05:28.998,1.53007,1.53031,1.52,1.50
2012.08.17 07:05:29.228,1.53003,1.53031,1.33,1.50
2012.08.17 07:05:29.407,1.53002,1.53031,1.73,1.50
2012.08.17 07:05:29.794,1.53002,1.53034,1.73,1.50
2012.08.17 07:05:29.913,1.53003,1.53036,1.50,1.50
2012.08.17 07:05:30.034,1.53002,1.53031,1.73,1.50
2012.08.17 07:05:30.153,1.52995,1.53031,1.73,1.50
2012.08.17 07:05:30.329,1.52994,1.53023,1.50,1.50
2012.08.17 07:05:30.485,1.52994,1.53027,1.50,1.50
2012.08.17 07:05:30.549,1.53,1.53029,1.50,1.50
2012.08.17 07:05:31.331,1.53,1.53029,1.73,1.50
2012.08.17 07:05:31.453,1.53004,1.53033,1.73,1.50
2012.08.17 07:05:31.634,1.53001,1.53032,1.73,1.50
2012.08.17 07:05:31.697,1.53001,1.53029,1.73,1.50
2012.08.17 07:05:32.176,1.52994,1.53028,1.73,1.50
2012.08.17 07:05:32.308,1.52994,1.53025,1.73,1.50
2012.08.17 07:05:32.548,1.53001,1.5303,1.50,1.50
2012.08.17 07:05:32.891,1.52996,1.53025,1.73,1.50
2012.08.17 07:05:33.532,1.52996,1.53025,1.73,1.50
2012.08.17 07:05:33.763,1.52996,1.53025,1.50,1.50
2012.08.17 07:05:33.938,1.52989,1.53023,1.73,1.50
2012.08.17 07:05:34.058,1.52995,1.53023,1.73,1.50
2012.08.17 07:05:34.289,1.52994,1.53023,1.50,1.50
2012.08.17 07:05:34.518,1.52994,1.53023,1.73,1.50
2012.08.17 07:05:35.592,1.52994,1.53023,1.73,1.50
2012.08.17 07:05:35.711,1.52994,1.53023,1.73,1.50
2012.08.17 07:05:38.455,1.52994,1.53027,1.73,1.50
2012.08.17 07:05:38.517,1.53,1.53029,1.73,1.50
2012.08.17 07:05:38.579,1.52998,1.53029,1.73,1.50
2012.08.17 07:05:39.058,1.52996,1.53024,1.73,1.50
2012.08.17 07:05:39.631,1.52991,1.5302,1.73,1.50
2012.08.17 07:05:39.978,1.52991,1.5302,1.73,1.50
2012.08.17 07:05:40.216,1.52993,1.53024,1.73,1.50
2012.08.17 07:05:40.279,1.52996,1.53024,1.73,1.50
2012.08.17 07:05:40.791,1.52996,1.53024,1.73,1.50
2012.08.17 07:05:41.068,1.52996,1.53024,1.73,1.50
2012.08.17 07:05:42.413,1.5299,1.53022,1.73,1.50
2012.08.17 07:05:42.475,1.5299,1.5302,1.73,1.50
2012.08.17 07:05:42.972,1.52996,1.53024,1.50,1.50
2012.08.17 07:05:43.323,1.52985,1.53007,1.21,1.50
2012.08.17 07:05:43.385,1.52982,1.53007,1.21,1.50
2012.08.17 07:05:43.561,1.52989,1.53019,1.12,1.50
2012.08.17 07:05:43.622,1.52989,1.53019,1.34,1.50
2012.08.17 07:05:43.931,1.5299,1.53024,1.73,1.50
2012.08.17 07:05:43.993,1.52995,1.53024,1.50,1.50
2012.08.17 07:05:44.341,1.52993,1.53023,1.73,1.50
2012.08.17 07:05:44.710,1.52991,1.53019,1.73,1.50
2012.08.17 07:05:45.236,1.52993,1.53027,1.50,1.50
2012.08.17 07:05:45.354,1.52997,1.53027,1.50,1.50
2012.08.17 07:05:47.147,1.52993,1.53023,1.49,1.50
2012.08.17 07:05:47.571,1.52994,1.53027,1.50,1.50
2012.08.17 07:05:47.922,1.52997,1.53027,1.50,1.50
2012.08.17 07:05:49.035,1.52997,1.53027,1.73,1.50
2012.08.17 07:05:49.369,1.52997,1.53026,1.25,1.50
2012.08.17 07:05:49.488,1.52994,1.53022,1.25,1.50
2012.08.17 07:05:50.296,1.52996,1.53027,1.25,1.50
2012.08.17 07:05:50.364,1.52999,1.53028,1.73,1.50
2012.08.17 07:05:52.570,1.53,1.53032,1.25,1.50
2012.08.17 07:05:52.878,1.53005,1.53034,1.73,1.50
2012.08.17 07:05:53.702,1.53005,1.53034,1.73,1.50
2012.08.17 07:05:54.240,1.53007,1.53034,1.69,1.50
2012.08.17 07:05:54.359,1.53007,1.53034,1.69,1.50
2012.08.17 07:05:55.036,1.53007,1.53034,1.34,1.50
2012.08.17 07:05:55.231,1.53005,1.53034,1.73,1.50
2012.08.17 07:05:55.747,1.53005,1.53034,1.73,1.50
2012.08.17 07:05:55.924,1.53005,1.53034,1.73,1.50
2012.08.17 07:05:58.141,1.53005,1.53034,1.73,1.50
2012.08.17 07:05:58.755,1.53005,1.53034,1.73,1.50
2012.08.17 07:06:02.353,1.53005,1.53034,1.73,1.50
2012.08.17 07:06:03.406,1.53002,1.53034,1.73,1.50
2012.08.17 07:06:03.743,1.53001,1.53032,1.25,1.50
2012.08.17 07:06:03.862,1.53006,1.53034,1.73,1.50
2012.08.17 07:06:05.406,1.53002,1.53033,1.73,1.50
2012.08.17 07:06:05.582,1.53,1.5303,1.11,1.50
2012.08.17 07:06:05.644,1.52999,1.5303,1.47,1.50
2012.08.17 07:06:05.761,1.53,1.5303,1.11,1.50
2012.08.17 07:06:06.339,1.52995,1.53024,1.69,1.50
2012.08.17 07:06:13.002,1.53,1.53027,1.47,1.50
2012.08.17 07:06:13.068,1.53,1.5303,1.47,1.50
2012.08.17 07:06:14.240,1.52999,1.5303,1.47,1.50
2012.08.17 07:06:18.077,1.52993,1.53021,1.47,1.50
2012.08.17 07:06:18.419,1.5299,1.53021,2.41,1.50
2012.08.17 07:06:19.098,1.52993,1.5302,1.47,1.50
2012.08.17 07:06:21.165,1.52986,1.53015,1.73,1.50
2012.08.17 07:06:21.666,1.52986,1.53015,1.73,1.50
2012.08.17 07:06:22.399,1.5299,1.53019,1.25,1.50
2012.08.17 07:06:22.461,1.5299,1.53021,2.00,1.50
2012.08.17 07:06:23.704,1.5299,1.53019,1.02,1.50
2012.08.17 07:06:24.021,1.52988,1.53014,1.25,1.50
2012.08.17 07:06:25.007,1.52987,1.53014,1.02,1.50
2012.08.17 07:06:26.675,1.52987,1.53018,1.50,1.50
2012.08.17 07:06:27.021,1.52998,1.53026,1.02,1.50
2012.08.17 07:06:27.142,1.53002,1.53033,1.73,1.50
2012.08.17 07:06:30.301,1.53004,1.53033,1.25,1.50
2012.08.17 07:06:30.420,1.53008,1.53035,1.25,1.50
2012.08.17 07:06:30.482,1.53008,1.53038,1.25,1.50
2012.08.17 07:06:32.053,1.53009,1.53038,1.25,1.50
2012.08.17 07:06:34.167,1.5301,1.53038,1.02,1.73
2012.08.17 07:06:34.287,1.53005,1.53038,1.50,1.73
2012.08.17 07:06:34.634,1.53003,1.53037,1.25,1.50
2012.08.17 07:06:34.697,1.53008,1.53039,1.50,1.50
2012.08.17 07:06:35.101,1.53004,1.53037,1.50,1.50
2012.08.17 07:06:35.165,1.53004,1.53032,1.50,1.50
2012.08.17 07:06:36.080,1.53006,1.53032,1.25,1.50
2012.08.17 07:06:36.151,1.53006,1.53032,1.02,1.50
2012.08.17 07:06:38.216,1.52999,1.53028,2.00,1.50
2012.08.17 07:06:38.336,1.52999,1.53028,1.77,1.50
2012.08.17 07:06:38.413,1.52999,1.53028,1.02,1.50
2012.08.17 07:06:38.725,1.52994,1.53022,1.12,1.50
2012.08.17 07:06:38.788,1.52989,1.53016,2.22,1.50
2012.08.17 07:06:39.133,1.52984,1.53012,1.21,1.50
2012.08.17 07:06:40.115,1.52989,1.53015,1.47,1.50
2012.08.17 07:06:40.178,1.52989,1.53016,1.47,1.50
2012.08.17 07:06:40.409,1.52988,1.53016,1.69,1.50
2012.08.17 07:06:40.922,1.52983,1.53011,1.25,1.50
2012.08.17 07:06:42.226,1.52983,1.53011,1.25,1.50
2012.08.17 07:06:43.404,1.52983,1.53011,1.25,1.50
2012.08.17 07:06:44.674,1.52985,1.53017,1.25,1.50
2012.08.17 07:06:44.736,1.52987,1.53017,1.50,1.50
2012.08.17 07:06:44.798,1.52984,1.53012,1.25,1.50
2012.08.17 07:06:45.506,1.52983,1.53012,2.00,1.50
2012.08.17 07:06:46.488,1.52984,1.53012,1.50,1.50
2012.08.17 07:06:46.550,1.52988,1.53019,1.50,1.50
2012.08.17 07:06:49.446,1.52984,1.53017,1.87,1.50
2012.08.17 07:06:49.509,1.52984,1.53014,1.87,1.50
2012.08.17 07:06:49.986,1.52986,1.5302,1.50,1.50
2012.08.17 07:06:50.048,1.5299,1.5302,1.50,1.50
2012.08.17 07:06:51.658,1.52986,1.53015,1.73,1.50
2012.08.17 07:06:51.914,1.52992,1.5302,1.50,1.50
2012.08.17 07:06:52.443,1.52992,1.5302,1.50,1.50
2012.08.17 07:06:53.217,1.52986,1.53018,2.48,1.50
2012.08.17 07:06:53.280,1.52986,1.53017,2.48,1.50
2012.08.17 07:06:53.399,1.52986,1.53017,2.48,1.50
2012.08.17 07:06:53.915,1.52988,1.53017,1.73,1.50
2012.08.17 07:06:54.150,1.52993,1.53022,1.73,1.50
2012.08.17 07:06:54.384,1.53,1.53031,1.73,1.50
2012.08.17 07:06:55.480,1.53002,1.53031,1.50,1.50
2012.08.17 07:06:56.012,1.53008,1.53037,1.50,1.50
2012.08.17 07:06:56.676,1.53008,1.5304,1.50,1.50
2012.08.17 07:06:56.796,1.53007,1.53037,2.48,1.50
2012.08.17 07:06:57.165,1.53007,1.53042,1.73,1.50
2012.08.17 07:06:57.244,1.53005,1.53036,1.73,1.50
2012.08.17 07:06:57.686,1.53005,1.53042,1.73,1.50
2012.08.17 07:06:57.803,1.53013,1.53044,1.50,1.50
2012.08.17 07:06:58.187,1.53024,1.53052,1.50,1.50
2012.08.17 07:06:58.541,1.53018,1.53048,1.50,1.50
2012.08.17 07:06:59.118,1.53025,1.53054,1.50,2.59
2012.08.17 07:06:59.442,1.53021,1.53053,1.50,1.50
2012.08.17 07:06:59.560,1.53021,1.53049,1.50,1.50
2012.08.17 07:07:00.563,1.53021,1.53049,1.73,1.50
2012.08.17 07:07:01.236,1.53023,1.53049,1.50,1.50
2012.08.17 07:07:01.423,1.53027,1.53056,1.50,1.50
2012.08.17 07:07:03.440,1.53021,1.53054,1.73,1.50
2012.08.17 07:07:03.502,1.53021,1.5305,1.73,1.50
2012.08.17 07:07:07.754,1.53025,1.53051,1.50,1.50
2012.08.17 07:07:07.877,1.53023,1.53051,1.73,1.50
2012.08.17 07:07:09.776,1.53023,1.53051,1.73,1.50
2012.08.17 07:07:09.952,1.53027,1.53056,1.50,1.50
2012.08.17 07:07:10.015,1.53028,1.5306,1.50,1.24
2012.08.17 07:07:10.077,1.53032,1.53062,1.50,1.50
2012.08.17 07:07:10.592,1.53032,1.53062,1.73,1.50
2012.08.17 07:07:10.768,1.53036,1.53062,1.25,1.50
2012.08.17 07:07:11.113,1.53036,1.53062,1.60,1.50
2012.08.17 07:07:11.345,1.53036,1.53069,1.73,1.50
2012.08.17 07:07:11.578,1.53037,1.53065,1.25,1.50
2012.08.17 07:07:11.753,1.53034,1.53065,1.73,1.50
2012.08.17 07:07:11.818,1.5304,1.53069,1.73,1.50
2012.08.17 07:07:11.968,1.5304,1.53069,1.73,1.50
2012.08.17 07:07:12.474,1.5304,1.53069,1.73,1.50
2012.08.17 07:07:13.286,1.5304,1.53069,1.73,1.50
2012.08.17 07:07:13.405,1.5304,1.53069,1.73,1.50
2012.08.17 07:07:13.634,1.5304,1.53071,1.73,1.50
2012.08.17 07:07:13.696,1.53044,1.53074,1.73,1.50
2012.08.17 07:07:13.759,1.5304,1.53074,1.73,1.50
2012.08.17 07:07:13.878,1.53034,1.53063,1.50,1.50
2012.08.17 07:07:14.399,1.53036,1.53063,1.50,1.50
2012.08.17 07:07:14.464,1.53039,1.5307,1.50,1.50
2012.08.17 07:07:14.770,1.53039,1.53072,1.73,1.50
2012.08.17 07:07:15.039,1.53044,1.53075,1.50,1.50
2012.08.17 07:07:17.724,1.53047,1.53075,1.25,1.50
2012.08.17 07:07:17.787,1.53056,1.53085,1.73,1.50
2012.08.17 07:07:18.135,1.53056,1.53085,1.50,1.50
2012.08.17 07:07:18.877,1.53049,1.53083,1.50,1.99
2012.08.17 07:07:18.996,1.53049,1.5308,1.50,1.50
2012.08.17 07:07:21.558,1.53046,1.53074,1.73,1.50
2012.08.17 07:07:22.091,1.53043,1.53074,1.73,1.50
2012.08.17 07:07:22.630,1.53031,1.53064,1.85,1.50
2012.08.17 07:07:22.994,1.53031,1.53058,1.10,1.50
2012.08.17 07:07:23.502,1.53031,1.53058,1.10,1.50
2012.08.17 07:07:24.060,1.53033,1.53064,1.25,1.50
2012.08.17 07:07:24.897,1.53028,1.53062,1.13,1.50
2012.08.17 07:07:25.132,1.53017,1.5305,1.73,1.50
2012.08.17 07:07:25.251,1.53014,1.5305,1.73,1.50
2012.08.17 07:07:25.718,1.53018,1.53044,1.10,1.50
2012.08.17 07:07:25.973,1.53019,1.53049,1.25,1.50
2012.08.17 07:07:26.038,1.53019,1.53049,1.25,1.50
2012.08.17 07:07:26.104,1.53018,1.53047,1.10,1.50
2012.08.17 07:07:26.291,1.53009,1.53042,1.23,1.50
2012.08.17 07:07:26.720,1.53008,1.53042,2.20,1.50
2012.08.17 07:07:26.950,1.53008,1.53042,2.20,1.50
2012.08.17 07:07:27.575,1.53004,1.53035,2.00,1.50
2012.08.17 07:07:27.806,1.53008,1.53039,1.25,1.50
2012.08.17 07:07:28.281,1.53008,1.53039,1.25,1.50
2012.08.17 07:07:28.456,1.53008,1.53038,1.25,1.50
2012.08.17 07:07:28.887,1.53004,1.53034,2.15,1.50
2012.08.17 07:07:29.240,1.5301,1.53035,1.25,1.50
2012.08.17 07:07:29.433,1.53014,1.53042,1.23,1.50
2012.08.17 07:07:29.798,1.53014,1.53038,1.23,1.50
2012.08.17 07:07:29.916,1.53014,1.53043,1.98,1.50
2012.08.17 07:07:30.341,1.53005,1.53038,1.60,1.50
2012.08.17 07:07:30.534,1.53004,1.53032,1.45,1.50
2012.08.17 07:07:32.291,1.53,1.53032,1.25,1.50
2012.08.17 07:07:32.521,1.52998,1.53032,1.25,1.50
2012.08.17 07:07:32.755,1.52992,1.53019,1.60,1.50
2012.08.17 07:07:33.278,1.52996,1.53019,1.25,1.50
2012.08.17 07:07:33.511,1.5299,1.53019,1.71,1.50
2012.08.17 07:07:33.575,1.52992,1.53019,1.71,1.50
2012.08.17 07:07:33.639,1.52994,1.53021,1.73,1.50
2012.08.17 07:07:33.702,1.52994,1.53021,1.25,1.50
2012.08.17 07:07:33.821,1.52995,1.53025,1.25,1.50
2012.08.17 07:07:34.514,1.52998,1.53027,1.73,1.50
2012.08.17 07:07:34.591,1.52998,1.53028,1.73,1.50
2012.08.17 07:07:35.106,1.53,1.5303,1.50,1.50
2012.08.17 07:07:35.414,1.52997,1.5303,1.73,1.50
2012.08.17 07:07:35.929,1.52995,1.53024,1.73,1.50
2012.08.17 07:07:36.392,1.52995,1.53024,1.73,1.50
2012.08.17 07:07:37.513,1.52995,1.53028,1.73,1.50
2012.08.17 07:07:37.577,1.53,1.5303,1.73,1.50
2012.08.17 07:07:38.821,1.53,1.53034,1.73,1.50
2012.08.17 07:07:38.887,1.53006,1.53037,2.48,1.50
2012.08.17 07:07:39.233,1.53006,1.53041,2.48,1.50
2012.08.17 07:07:39.297,1.53006,1.53041,2.48,1.50
2012.08.17 07:07:39.361,1.53009,1.53042,1.73,1.50
2012.08.17 07:07:39.710,1.53007,1.53036,1.73,1.50
2012.08.17 07:07:40.656,1.53007,1.53036,1.73,1.50
2012.08.17 07:07:41.322,1.53013,1.53042,1.73,1.50
2012.08.17 07:07:41.932,1.53008,1.53042,1.73,1.50
2012.08.17 07:07:42.509,1.53007,1.53036,1.73,1.50
2012.08.17 07:07:42.629,1.53007,1.53036,1.73,1.50
2012.08.17 07:07:43.177,1.53007,1.53036,1.73,1.50
2012.08.17 07:07:43.495,1.53007,1.53036,1.73,1.50
2012.08.17 07:07:44.283,1.53007,1.53036,1.73,1.50
2012.08.17 07:07:44.348,1.53012,1.5304,1.73,1.50
2012.08.17 07:07:45.370,1.53009,1.53041,1.73,1.50
2012.08.17 07:07:45.691,1.53007,1.53036,1.25,1.50
2012.08.17 07:07:45.809,1.53006,1.53036,1.73,1.50
2012.08.17 07:07:46.040,1.53004,1.53036,1.73,1.50
2012.08.17 07:07:46.270,1.53001,1.53032,1.73,1.50
2012.08.17 07:07:46.674,1.52998,1.53029,1.25,1.50
2012.08.17 07:07:46.737,1.52998,1.53026,1.25,1.50
2012.08.17 07:07:47.269,1.52997,1.53026,1.73,1.50
2012.08.17 07:07:47.896,1.52997,1.53026,2.00,1.50
2012.08.17 07:07:48.129,1.53001,1.53031,2.00,1.50
2012.08.17 07:07:48.585,1.53001,1.53031,2.00,1.50
2012.08.17 07:07:49.068,1.53001,1.53034,2.00,1.50
2012.08.17 07:07:49.130,1.53001,1.53034,2.00,1.50
2012.08.17 07:07:49.248,1.53006,1.53035,1.50,1.50
2012.08.17 07:07:49.311,1.53003,1.53035,1.73,1.50
2012.08.17 07:07:49.968,1.53001,1.53031,1.25,1.50
2012.08.17 07:07:50.959,1.52997,1.53025,1.25,1.50
2012.08.17 07:07:51.135,1.52994,1.53022,1.25,1.50
2012.08.17 07:07:51.198,1.52991,1.53022,1.50,1.50
2012.08.17 07:07:51.261,1.52987,1.53019,1.25,1.50
2012.08.17 07:07:51.324,1.52987,1.53016,1.25,1.50
2012.08.17 07:07:51.834,1.52987,1.53019,1.25,1.50
2012.08.17 07:07:51.896,1.52992,1.5302,1.50,1.50
2012.08.17 07:07:55.288,1.52992,1.5302,1.73,1.50
2012.08.17 07:07:55.801,1.52992,1.5302,1.50,1.50
2012.08.17 07:07:55.864,1.52991,1.53019,1.50,1.50
2012.08.17 07:07:56.392,1.52991,1.53019,1.73,1.50
2012.08.17 07:07:56.904,1.52991,1.53019,1.73,1.50
2012.08.17 07:07:57.905,1.52986,1.53018,1.73,1.50
2012.08.17 07:07:57.968,1.52991,1.5302,1.50,1.50
2012.08.17 07:07:59.127,1.52991,1.53022,1.73,1.50
2012.08.17 07:07:59.247,1.52991,1.53022,1.73,1.50
2012.08.17 07:07:59.366,1.52996,1.53024,1.50,1.50
2012.08.17 07:07:59.543,1.5299,1.5302,1.73,1.50
2012.08.17 07:07:59.800,1.52996,1.53024,1.73,1.50
2012.08.17 07:07:59.919,1.52996,1.53024,1.73,1.50
2012.08.17 07:08:00.395,1.53001,1.5303,1.50,1.50
2012.08.17 07:08:00.523,1.52995,1.53025,1.73,1.50
2012.08.17 07:08:01.536,1.52995,1.53025,1.73,1.50
2012.08.17 07:08:02.369,1.52995,1.5303,1.73,1.50
2012.08.17 07:08:02.488,1.53002,1.53032,1.02,1.50
2012.08.17 07:08:02.552,1.53002,1.53032,1.25,1.50
2012.08.17 07:08:02.680,1.53002,1.53032,1.25,1.50
2012.08.17 07:08:03.710,1.53003,1.53032,1.25,1.50
2012.08.17 07:08:03.776,1.53006,1.53034,2.00,1.50
2012.08.17 07:08:04.012,1.53005,1.53034,1.02,2.25
2012.08.17 07:08:04.074,1.53002,1.53031,1.02,1.50
2012.08.17 07:08:04.306,1.53002,1.53031,1.02,1.50
2012.08.17 07:08:05.184,1.53002,1.53031,1.02,1.50
2012.08.17 07:08:06.292,1.52998,1.53031,1.73,1.50
2012.08.17 07:08:06.727,1.52995,1.53026,1.50,1.50
2012.08.17 07:08:07.039,1.52994,1.53026,1.50,1.50
2012.08.17 07:08:07.418,1.52992,1.53025,1.50,1.50
2012.08.17 07:08:07.482,1.52996,1.53027,1.50,1.50
2012.08.17 07:08:07.600,1.52993,1.53027,1.50,1.50
2012.08.17 07:08:07.662,1.52991,1.5302,1.50,1.50
2012.08.17 07:08:07.725,1.52991,1.53023,1.50,1.50
2012.08.17 07:08:08.384,1.52995,1.53025,1.50,1.50
2012.08.17 07:08:10.150,1.52993,1.53025,1.50,1.73
2012.08.17 07:08:10.226,1.5299,1.53021,1.50,1.50
2012.08.17 07:08:11.080,1.52989,1.53021,1.77,1.50
2012.08.17 07:08:11.425,1.52982,1.5301,1.83,1.50
2012.08.17 07:08:11.896,1.52988,1.53013,1.02,1.50
2012.08.17 07:08:11.959,1.52988,1.53015,1.02,1.50
2012.08.17 07:08:15.503,1.52988,1.53015,1.02,1.50
2012.08.17 07:08:17.079,1.52988,1.5302,1.02,1.50
2012.08.17 07:08:17.142,1.52992,1.53023,1.50,1.50
2012.08.17 07:08:19.001,1.5299,1.53023,1.77,2.25
2012.08.17 07:08:19.065,1.5299,1.53018,1.02,1.50
2012.08.17 07:08:20.732,1.52983,1.53015,1.05,1.50
2012.08.17 07:08:21.080,1.52973,1.53001,1.07,1.50
2012.08.17 07:08:21.423,1.52973,1.53003,1.07,1.50
2012.08.17 07:08:22.864,1.52978,1.53007,1.58,1.50
2012.08.17 07:08:26.279,1.52981,1.53016,1.10,1.73
2012.08.17 07:08:26.342,1.52985,1.53016,1.50,1.73
2012.08.17 07:08:26.461,1.52985,1.53017,1.50,1.50
2012.08.17 07:08:27.196,1.52991,1.53019,1.50,1.50
2012.08.17 07:08:27.677,1.52991,1.53017,1.50,1.50
2012.08.17 07:08:27.797,1.52985,1.53013,1.50,1.50
2012.08.17 07:08:27.919,1.52982,1.53008,1.08,1.50
2012.08.17 07:08:27.982,1.52982,1.53008,1.08,1.50
2012.08.17 07:08:28.514,1.52982,1.53008,1.08,1.50
2012.08.17 07:08:28.862,1.5299,1.53018,1.02,1.50
2012.08.17 07:08:29.004,1.5299,1.53017,1.02,1.50
2012.08.17 07:08:29.125,1.52989,1.53018,1.50,1.50
2012.08.17 07:08:29.190,1.52984,1.53013,1.02,1.50
2012.08.17 07:08:30.472,1.52984,1.5301,1.10,1.50
2012.08.17 07:08:30.593,1.52978,1.53007,1.10,1.50
2012.08.17 07:08:30.826,1.52982,1.53013,1.58,1.50
2012.08.17 07:08:31.002,1.52977,1.53011,1.58,1.50
2012.08.17 07:08:31.349,1.52977,1.53005,1.58,1.73
2012.08.17 07:08:31.842,1.52971,1.53003,1.71,1.50
2012.08.17 07:08:32.187,1.52971,1.53,1.71,1.50
2012.08.17 07:08:33.074,1.52962,1.52991,1.50,1.50
2012.08.17 07:08:33.503,1.52962,1.52995,1.50,1.50
2012.08.17 07:08:33.735,1.52961,1.52991,1.50,1.73
2012.08.17 07:08:33.798,1.52959,1.5299,1.50,1.50
2012.08.17 07:08:33.992,1.52966,1.52995,1.50,1.50
2012.08.17 07:08:35.317,1.52966,1.52995,1.50,1.73
2012.08.17 07:08:35.775,1.5296,1.52988,1.50,1.73
2012.08.17 07:08:36.298,1.5296,1.52988,1.50,1.73
2012.08.17 07:08:38.177,1.5296,1.52992,1.50,1.50
2012.08.17 07:08:38.240,1.5296,1.52988,1.50,1.50
2012.08.17 07:08:38.932,1.5296,1.5299,1.50,1.73
2012.08.17 07:08:38.994,1.52955,1.52984,1.50,1.50
2012.08.17 07:08:39.934,1.52957,1.5299,1.50,1.28
2012.08.17 07:08:39.998,1.52964,1.52992,1.50,1.58
2012.08.17 07:08:40.823,1.52964,1.52992,1.50,1.28
2012.08.17 07:08:40.941,1.52964,1.52993,1.50,1.73
2012.08.17 07:08:41.237,1.52957,1.52992,1.50,1.73
2012.08.17 07:08:41.390,1.52957,1.52988,1.50,1.50
2012.08.17 07:08:43.286,1.52957,1.52991,1.50,1.73
2012.08.17 07:08:43.637,1.52964,1.52993,1.50,1.50
2012.08.17 07:08:45.302,1.5297,1.52998,1.50,1.50
2012.08.17 07:08:45.534,1.52974,1.53003,1.50,1.46
2012.08.17 07:08:45.597,1.52974,1.53005,1.50,1.50
2012.08.17 07:08:46.699,1.52971,1.53005,1.50,1.50
2012.08.17 07:08:46.762,1.52968,1.52999,1.50,1.50
2012.08.17 07:08:49.496,1.52975,1.53004,1.50,1.50
2012.08.17 07:08:55.523,1.52975,1.53004,1.50,2.21
2012.08.17 07:08:55.866,1.52968,1.52996,1.50,1.50
2012.08.17 07:08:56.154,1.52974,1.53005,1.50,1.50
2012.08.17 07:08:59.684,1.52976,1.53012,2.25,1.73
2012.08.17 07:08:59.805,1.5299,1.53017,1.50,1.05
2012.08.17 07:08:59.925,1.5299,1.53023,1.50,1.50
2012.08.17 07:08:59.990,1.52995,1.53025,1.50,1.50
2012.08.17 07:09:02.895,1.52992,1.53025,1.50,1.50
2012.08.17 07:09:03.270,1.5299,1.53019,1.50,1.50
2012.08.17 07:09:06.007,1.52984,1.53019,1.50,1.73
2012.08.17 07:09:06.239,1.5299,1.53019,1.50,1.73
2012.08.17 07:09:06.472,1.52991,1.53025,1.50,1.73
2012.08.17 07:09:06.534,1.52996,1.53026,1.50,1.13
2012.08.17 07:09:07.110,1.52996,1.53027,1.50,1.88
2012.08.17 07:09:07.605,1.52996,1.53025,1.50,2.21
2012.08.17 07:09:07.841,1.52996,1.53025,1.50,1.46
2012.08.17 07:09:07.959,1.52996,1.53027,1.50,2.21
2012.08.17 07:09:08.110,1.52996,1.53027,1.50,2.21
2012.08.17 07:09:08.687,1.52996,1.53025,1.50,2.21
2012.08.17 07:09:09.435,1.52996,1.53024,1.50,1.46
2012.08.17 07:09:09.499,1.5299,1.5302,1.50,1.73
2012.08.17 07:09:09.798,1.5299,1.53017,1.50,1.46
2012.08.17 07:09:10.319,1.5299,1.53017,1.50,1.24
2012.08.17 07:09:10.386,1.52986,1.5302,1.50,1.73
2012.08.17 07:09:10.557,1.52984,1.53013,1.50,1.50
2012.08.17 07:09:10.958,1.52984,1.53018,1.50,1.50
2012.08.17 07:09:11.199,1.5299,1.5302,1.50,1.50
2012.08.17 07:09:12.072,1.5299,1.5302,1.50,1.73
2012.08.17 07:09:13.712,1.5299,1.5302,1.50,1.73
2012.08.17 07:09:13.944,1.5299,1.53018,1.50,1.35
2012.08.17 07:09:14.007,1.52978,1.53009,1.50,1.73
2012.08.17 07:09:14.407,1.52978,1.53008,1.50,1.46
2012.08.17 07:09:14.764,1.52975,1.53006,1.50,1.46
2012.08.17 07:09:14.826,1.52974,1.53003,1.50,1.73
2012.08.17 07:09:15.277,1.52974,1.53003,1.50,1.73
2012.08.17 07:09:15.728,1.52974,1.53003,1.50,1.73
2012.08.17 07:09:16.026,1.52974,1.53003,1.50,1.73
2012.08.17 07:09:16.912,1.52974,1.53003,1.50,1.50
2012.08.17 07:09:16.981,1.52975,1.53006,1.50,1.50
2012.08.17 07:09:21.364,1.52978,1.53012,1.73,1.50
2012.08.17 07:09:21.427,1.52981,1.53012,1.50,1.50
2012.08.17 07:09:21.603,1.52975,1.53009,1.50,1.50
2012.08.17 07:09:21.667,1.52975,1.53006,1.50,1.50
2012.08.17 07:09:23.048,1.52975,1.53009,1.50,1.50
2012.08.17 07:09:23.110,1.52981,1.53012,1.50,1.50
2012.08.17 07:09:23.548,1.52975,1.53009,1.50,1.50
2012.08.17 07:09:23.612,1.52975,1.53006,1.50,1.50
2012.08.17 07:09:24.554,1.52977,1.53011,1.50,1.50
2012.08.17 07:09:24.618,1.5298,1.53011,1.50,1.50
2012.08.17 07:09:24.987,1.52983,1.53013,1.50,1.50
2012.08.17 07:09:25.049,1.52985,1.53013,1.50,1.50
2012.08.17 07:09:25.387,1.52985,1.53013,1.50,1.99
2012.08.17 07:09:25.619,1.52973,1.53002,1.50,1.46
2012.08.17 07:09:26.232,1.52967,1.53002,1.50,2.21
2012.08.17 07:09:26.295,1.52967,1.52998,1.50,1.50
2012.08.17 07:09:26.582,1.5297,1.52997,1.50,1.46
2012.08.17 07:09:26.758,1.52967,1.52997,1.50,1.46
2012.08.17 07:09:27.026,1.52967,1.52998,1.50,1.50
2012.08.17 07:09:27.264,1.52967,1.52996,1.50,1.46
2012.08.17 07:09:27.554,1.52962,1.52991,1.50,1.73
2012.08.17 07:09:28.011,1.52963,1.52994,1.50,1.73
2012.08.17 07:09:28.601,1.52966,1.52994,1.50,1.73
2012.08.17 07:09:30.265,1.52961,1.52994,1.50,2.48
2012.08.17 07:09:30.440,1.52961,1.5299,1.50,1.50
2012.08.17 07:09:30.615,1.52954,1.52983,1.50,1.35
2012.08.17 07:09:30.679,1.52954,1.52982,1.50,1.35
2012.08.17 07:09:30.741,1.52954,1.52982,1.50,2.10
2012.08.17 07:09:30.977,1.52945,1.52978,1.50,1.73
2012.08.17 07:09:31.043,1.52945,1.52978,1.50,1.50
2012.08.17 07:09:31.388,1.52953,1.52978,1.25,1.50
2012.08.17 07:09:32.054,1.52959,1.52984,1.25,1.50
2012.08.17 07:09:32.127,1.52959,1.52987,1.25,1.50
2012.08.17 07:09:32.192,1.52978,1.53007,1.50,1.73
2012.08.17 07:09:32.313,1.52973,1.53003,1.50,2.25
2012.08.17 07:09:33.490,1.52971,1.53003,1.50,2.25
2012.08.17 07:09:33.566,1.52968,1.52999,1.50,1.50
2012.08.17 07:09:34.908,1.52968,1.52996,1.50,1.50
2012.08.17 07:09:35.182,1.52964,1.52993,1.50,2.25
2012.08.17 07:09:37.105,1.52964,1.52992,1.50,1.50
2012.08.17 07:09:37.224,1.52964,1.52992,1.50,1.46
2012.08.17 07:09:37.287,1.5296,1.52992,1.50,1.46
2012.08.17 07:09:37.350,1.52958,1.52989,1.50,1.50
2012.08.17 07:09:37.414,1.52954,1.52983,1.50,1.50
2012.08.17 07:09:38.733,1.52945,1.52976,1.73,1.50
2012.08.17 07:09:39.156,1.52942,1.5297,1.02,1.50
2012.08.17 07:09:39.461,1.52945,1.52975,1.50,1.50
2012.08.17 07:09:43.110,1.52951,1.52981,1.50,1.50
2012.08.17 07:09:43.853,1.52954,1.52981,1.35,1.50
2012.08.17 07:09:43.973,1.52957,1.52984,1.35,1.50
2012.08.17 07:09:44.092,1.52958,1.52986,1.02,1.50
2012.08.17 07:09:44.159,1.52955,1.52986,1.50,1.50
2012.08.17 07:09:44.451,1.5295,1.52979,1.73,1.50
2012.08.17 07:09:45.400,1.52952,1.52986,1.50,1.50
2012.08.17 07:09:45.473,1.52952,1.5298,1.25,1.50
2012.08.17 07:09:47.548,1.52951,1.5298,1.02,1.50
2012.08.17 07:09:49.824,1.52952,1.5298,1.02,1.50
2012.08.17 07:09:51.833,1.52952,1.5298,1.25,1.50
2012.08.17 07:09:51.896,1.52955,1.52984,1.50,1.50
2012.08.17 07:09:52.237,1.52956,1.52984,1.25,1.50
2012.08.17 07:09:52.585,1.52961,1.52989,1.02,1.50
2012.08.17 07:09:53.037,1.52959,1.52989,1.73,1.50
2012.08.17 07:09:53.106,1.52958,1.52989,1.50,1.50
2012.08.17 07:09:57.245,1.5296,1.52989,1.02,1.50
2012.08.17 07:09:57.310,1.52965,1.52994,1.50,1.50
2012.08.17 07:09:58.230,1.5296,1.52988,1.25,1.50
2012.08.17 07:09:58.529,1.52963,1.52994,1.50,1.50
2012.08.17 07:10:00.923,1.5297,1.52999,1.50,1.50
2012.08.17 07:10:01.262,1.52967,1.52999,1.50,1.50
2012.08.17 07:10:01.414,1.52965,1.52993,1.50,1.50
2012.08.17 07:10:04.953,1.5296,1.52991,1.73,1.50
2012.08.17 07:10:05.072,1.5296,1.52988,1.73,1.50
2012.08.17 07:10:06.143,1.52964,1.52993,1.50,1.50
2012.08.17 07:10:08.217,1.52965,1.52998,1.50,1.50
2012.08.17 07:10:08.279,1.52969,1.52998,1.50,1.50
2012.08.17 07:10:08.342,1.52964,1.52994,1.50,1.50
2012.08.17 07:10:08.674,1.5297,1.52999,1.50,1.50
2012.08.17 07:10:15.033,1.52975,1.53003,1.50,1.50
2012.08.17 07:10:15.871,1.52975,1.53004,1.50,1.50
2012.08.17 07:10:16.470,1.52976,1.53006,1.50,1.50
2012.08.17 07:10:17.429,1.52973,1.53006,1.50,1.50
2012.08.17 07:10:17.491,1.52971,1.53002,1.50,1.50
2012.08.17 07:10:21.709,1.52967,1.52996,1.50,1.50
2012.08.17 07:10:22.373,1.52963,1.52996,1.50,1.50
2012.08.17 07:10:22.688,1.52961,1.52992,2.00,1.50
2012.08.17 07:10:22.877,1.52967,1.52996,1.50,1.50
2012.08.17 07:10:22.998,1.52962,1.52995,1.25,1.50
2012.08.17 07:10:23.063,1.52962,1.52992,1.25,1.50
2012.08.17 07:10:23.125,1.52962,1.52992,1.02,1.50
2012.08.17 07:10:27.263,1.52961,1.52992,1.73,1.50
2012.08.17 07:10:27.383,1.52961,1.52994,1.73,1.50
2012.08.17 07:10:27.788,1.52966,1.52997,1.50,1.50
2012.08.17 07:10:27.858,1.52973,1.53001,1.50,1.50
2012.08.17 07:10:29.682,1.52974,1.53001,1.10,1.50
2012.08.17 07:10:29.859,1.52983,1.53013,1.73,1.50
2012.08.17 07:10:30.148,1.52981,1.53013,1.73,1.50
2012.08.17 07:10:30.269,1.52978,1.53011,2.03,1.50
2012.08.17 07:10:30.331,1.52983,1.53013,1.50,1.50
2012.08.17 07:10:30.394,1.52979,1.53007,1.88,1.50
2012.08.17 07:10:32.925,1.5298,1.53013,1.50,1.50
2012.08.17 07:10:33.043,1.5299,1.53019,1.50,1.50
2012.08.17 07:10:33.504,1.52992,1.53025,1.50,1.50
2012.08.17 07:10:33.567,1.52994,1.53025,1.50,1.50
2012.08.17 07:10:33.742,1.52997,1.53032,1.50,1.50
2012.08.17 07:10:33.805,1.53002,1.53032,1.50,1.50
2012.08.17 07:10:35.511,1.53002,1.53033,1.50,1.50
2012.08.17 07:10:35.575,1.53,1.53032,1.50,1.50
2012.08.17 07:10:35.638,1.52998,1.53029,1.50,1.50
2012.08.17 07:10:35.701,1.53,1.53033,1.50,1.50
2012.08.17 07:10:35.821,1.53004,1.53033,1.73,1.50
2012.08.17 07:10:37.773,1.53004,1.53037,1.77,1.50
2012.08.17 07:10:37.837,1.53009,1.5304,1.73,1.50
2012.08.17 07:10:39.590,1.53009,1.53043,1.73,1.50
2012.08.17 07:10:39.823,1.53009,1.5304,1.73,1.50
2012.08.17 07:10:39.943,1.5301,1.53039,1.73,1.50
2012.08.17 07:10:40.258,1.5301,1.53039,1.73,1.50
2012.08.17 07:10:40.713,1.5301,1.53039,1.50,1.50
2012.08.17 07:10:40.832,1.53004,1.53035,1.73,1.50
2012.08.17 07:10:41.178,1.53012,1.53043,1.73,1.50
2012.08.17 07:10:41.489,1.53014,1.53043,1.28,1.50
2012.08.17 07:10:41.721,1.5302,1.53049,1.50,1.50
2012.08.17 07:10:44.670,1.53014,1.53048,1.73,1.50
2012.08.17 07:10:44.732,1.53014,1.53044,1.73,2.25
2012.08.17 07:10:44.795,1.53017,1.53044,1.73,1.50
2012.08.17 07:10:44.858,1.5302,1.53048,1.50,1.50
2012.08.17 07:10:44.922,1.53021,1.53049,1.35,1.50
2012.08.17 07:10:45.271,1.53038,1.53066,1.25,1.50
2012.08.17 07:10:45.333,1.53038,1.53066,1.02,1.50
2012.08.17 07:10:45.722,1.5303,1.53058,1.50,1.50
2012.08.17 07:10:45.902,1.53024,1.53051,1.20,1.50
2012.08.17 07:10:45.967,1.53028,1.53055,1.25,1.50
2012.08.17 07:10:46.256,1.53033,1.53064,1.73,2.25
2012.08.17 07:10:46.614,1.53033,1.53064,1.73,1.50
2012.08.17 07:10:49.131,1.53029,1.53057,1.73,1.50
2012.08.17 07:10:49.579,1.53029,1.5306,1.73,1.50
2012.08.17 07:10:49.642,1.53033,1.53062,1.50,1.50
2012.08.17 07:10:49.763,1.53028,1.53057,1.58,1.50
2012.08.17 07:10:50.111,1.53021,1.53051,1.73,1.50
2012.08.17 07:10:50.173,1.53021,1.53051,1.50,1.50
2012.08.17 07:10:53.039,1.53024,1.53052,1.50,1.50
2012.08.17 07:10:53.387,1.53018,1.53047,1.50,1.50
2012.08.17 07:10:53.710,1.53012,1.53041,1.73,1.50
2012.08.17 07:10:56.048,1.53012,1.53045,1.73,1.50
2012.08.17 07:10:56.378,1.53018,1.53047,1.50,1.50
2012.08.17 07:10:57.879,1.53018,1.53047,1.73,1.50
2012.08.17 07:10:57.970,1.53018,1.53053,1.73,1.50
2012.08.17 07:10:58.034,1.53025,1.53054,1.50,1.50
2012.08.17 07:10:59.028,1.53023,1.53053,1.50,1.50
2012.08.17 07:10:59.092,1.53022,1.5305,1.50,1.50
2012.08.17 07:10:59.423,1.53017,1.53049,2.00,1.50
2012.08.17 07:10:59.544,1.53017,1.53046,1.73,1.50
2012.08.17 07:10:59.664,1.53017,1.53045,1.73,1.50
2012.08.17 07:11:00.009,1.53017,1.53046,1.50,1.50
2012.08.17 07:11:00.928,1.53017,1.53045,1.50,1.50
2012.08.17 07:11:01.554,1.53017,1.53048,1.50,1.50
2012.08.17 07:11:01.905,1.53023,1.53051,1.50,1.50
2012.08.17 07:11:02.795,1.53012,1.53043,1.05,2.25
2012.08.17 07:11:02.857,1.5301,1.53043,1.50,2.25
2012.08.17 07:11:03.203,1.53008,1.53037,1.50,1.50
2012.08.17 07:11:04.763,1.5301,1.53045,1.50,1.50
2012.08.17 07:11:04.826,1.53016,1.53045,1.50,1.50
2012.08.17 07:11:06.491,1.53016,1.53044,1.50,1.50
2012.08.17 07:11:07.979,1.5302,1.53051,1.50,1.73
2012.08.17 07:11:17.484,1.53017,1.53043,1.50,1.50
2012.08.17 07:11:17.547,1.53014,1.53043,1.50,1.50
2012.08.17 07:11:17.885,1.53014,1.53045,1.50,1.50
2012.08.17 07:11:17.948,1.53014,1.53049,1.50,1.50
2012.08.17 07:11:18.290,1.53014,1.53045,1.50,1.50
2012.08.17 07:11:18.611,1.5302,1.53051,1.50,1.50
2012.08.17 07:11:18.943,1.53015,1.53044,1.50,1.50
2012.08.17 07:11:19.661,1.53015,1.53047,1.50,1.50
2012.08.17 07:11:19.723,1.5302,1.53049,1.50,1.50
2012.08.17 07:11:23.435,1.53015,1.53047,1.50,1.50
2012.08.17 07:11:23.497,1.53015,1.53044,1.50,1.50
2012.08.17 07:11:24.571,1.53012,1.53044,1.50,2.25
2012.08.17 07:11:24.690,1.5301,1.5304,1.50,1.50
2012.08.17 07:11:25.260,1.53012,1.53044,1.50,1.50
2012.08.17 07:11:25.324,1.53014,1.53045,1.50,1.50
2012.08.17 07:11:25.388,1.53021,1.53049,1.50,1.05
2012.08.17 07:11:25.773,1.53021,1.53048,1.50,1.65
2012.08.17 07:11:25.845,1.53014,1.53044,1.50,1.50
2012.08.17 07:11:32.307,1.5302,1.53051,1.50,1.50
2012.08.17 07:11:32.520,1.53015,1.53044,1.50,1.50
2012.08.17 07:11:36.500,1.5302,1.53051,1.50,1.50
2012.08.17 07:11:37.253,1.53015,1.53044,1.50,1.50
2012.08.17 07:11:37.682,1.53017,1.53051,1.50,1.50
2012.08.17 07:11:37.744,1.53022,1.53051,1.50,1.50
2012.08.17 07:11:37.981,1.53022,1.53055,1.50,1.50
2012.08.17 07:11:38.633,1.53027,1.53058,1.50,1.50
2012.08.17 07:11:43.571,1.53027,1.53058,1.73,1.50
2012.08.17 07:11:43.978,1.53027,1.53055,1.73,1.50
2012.08.17 07:11:44.523,1.53027,1.53055,1.73,1.50
2012.08.17 07:11:45.217,1.53027,1.53058,1.73,1.50
2012.08.17 07:11:45.989,1.53027,1.53055,1.73,1.50
2012.08.17 07:11:49.599,1.53032,1.53061,1.50,1.50
2012.08.17 07:11:51.673,1.5303,1.53055,1.73,1.50
2012.08.17 07:11:51.794,1.53021,1.53048,1.25,1.50
2012.08.17 07:11:51.971,1.53018,1.53048,1.77,1.50
2012.08.17 07:11:52.322,1.53025,1.53054,1.50,1.50
2012.08.17 07:11:56.877,1.53032,1.5306,1.50,1.50
2012.08.17 07:11:58.577,1.53032,1.5306,1.73,1.50
2012.08.17 07:11:58.755,1.53027,1.53057,2.00,1.50
2012.08.17 07:11:58.875,1.53032,1.53062,1.50,1.50
2012.08.17 07:11:59.524,1.53037,1.53065,1.50,1.50
2012.08.17 07:12:00.373,1.53035,1.53063,1.73,1.50
2012.08.17 07:12:00.614,1.53032,1.53063,1.73,2.25
2012.08.17 07:12:05.104,1.53026,1.53057,1.50,1.50
2012.08.17 07:12:05.335,1.53021,1.53052,1.73,1.50
2012.08.17 07:12:05.890,1.53023,1.53054,1.50,1.50
2012.08.17 07:12:05.952,1.53028,1.53055,1.50,1.50
2012.08.17 07:12:07.281,1.53026,1.53054,1.50,1.50
2012.08.17 07:12:07.344,1.53023,1.53054,1.50,2.25
2012.08.17 07:12:10.279,1.53023,1.53058,1.50,1.50
2012.08.17 07:12:10.397,1.5303,1.53059,1.50,1.50
2012.08.17 07:12:13.504,1.5303,1.53058,1.50,1.50
2012.08.17 07:12:13.992,1.5303,1.53058,1.50,1.24
2012.08.17 07:12:14.113,1.53027,1.53058,1.50,1.24
2012.08.17 07:12:14.654,1.53026,1.53055,1.50,1.50
2012.08.17 07:12:16.198,1.53019,1.53048,1.50,1.50
2012.08.17 07:12:20.127,1.53015,1.53048,1.50,1.50
2012.08.17 07:12:20.190,1.53014,1.53043,1.50,1.50
2012.08.17 07:12:29.799,1.53015,1.53043,1.50,1.50
2012.08.17 07:12:29.918,1.5302,1.53051,1.50,1.50
2012.08.17 07:12:30.040,1.53015,1.53049,1.50,1.50
2012.08.17 07:12:30.160,1.53015,1.53045,1.50,1.50
2012.08.17 07:12:30.889,1.53015,1.53049,1.50,1.50
2012.08.17 07:12:30.951,1.53021,1.5305,1.50,1.50
2012.08.17 07:12:31.669,1.53016,1.53044,1.50,1.50
2012.08.17 07:12:34.841,1.53026,1.53053,1.50,1.50
2012.08.17 07:12:35.520,1.53026,1.53054,1.50,1.50
2012.08.17 07:12:36.405,1.53026,1.53053,1.50,1.50
2012.08.17 07:12:37.276,1.53026,1.53054,1.50,1.50
2012.08.17 07:12:37.514,1.53026,1.53053,1.50,1.50
2012.08.17 07:12:39.294,1.53021,1.53053,1.50,1.73
2012.08.17 07:12:39.357,1.53021,1.53049,1.50,1.50
2012.08.17 07:12:39.420,1.53021,1.53048,1.50,1.50
2012.08.17 07:12:40.301,1.53022,1.53048,1.50,1.50
2012.08.17 07:12:40.657,1.53026,1.53053,1.50,1.73
2012.08.17 07:12:42.162,1.53021,1.53047,1.50,1.50
2012.08.17 07:12:52.835,1.53021,1.53049,1.50,1.50
2012.08.17 07:12:53.020,1.53021,1.53047,1.50,1.50
2012.08.17 07:12:53.776,1.53021,1.53049,1.50,1.50
2012.08.17 07:12:53.894,1.53023,1.53054,1.50,1.73
2012.08.17 07:12:54.124,1.53021,1.53049,1.50,1.50
2012.08.17 07:12:55.220,1.53021,1.53048,1.50,1.50
2012.08.17 07:12:55.742,1.53026,1.53054,1.50,1.73
2012.08.17 07:12:56.861,1.53026,1.53054,1.50,1.73
2012.08.17 07:12:56.980,1.53026,1.53054,1.50,1.73
2012.08.17 07:12:57.517,1.53016,1.53043,1.50,1.50
2012.08.17 07:12:58.032,1.53017,1.53043,1.50,1.50
2012.08.17 07:12:58.208,1.53013,1.53043,1.50,1.50
2012.08.17 07:12:58.442,1.53013,1.53041,1.50,1.50
2012.08.17 07:12:58.506,1.53009,1.53036,1.50,1.50
2012.08.17 07:12:58.967,1.53008,1.53036,1.50,1.50
2012.08.17 07:12:59.163,1.52989,1.53043,1.47,1.46
2012.08.17 07:12:59.224,1.52992,1.53036,1.33,1.50
2012.08.17 07:12:59.871,1.53005,1.53034,1.50,1.50
2012.08.17 07:13:02.554,1.53005,1.53036,1.50,1.50
2012.08.17 07:13:02.672,1.53009,1.53034,1.50,1.50
2012.08.17 07:13:02.770,1.53006,1.53034,1.50,1.50
2012.08.17 07:13:11.688,1.53007,1.53037,1.50,1.50
2012.08.17 07:13:13.881,1.52999,1.53034,1.50,2.25
2012.08.17 07:13:13.945,1.52999,1.5303,1.50,1.50
2012.08.17 07:13:14.351,1.53004,1.53034,1.50,1.50
2012.08.17 07:13:20.464,1.53004,1.53033,1.50,1.50
2012.08.17 07:13:21.507,1.53004,1.53034,1.50,1.50
2012.08.17 07:13:21.682,1.53003,1.53027,1.50,1.50
2012.08.17 07:13:22.380,1.53,1.53027,1.50,1.50
2012.08.17 07:13:22.687,1.53005,1.53033,1.50,1.73
2012.08.17 07:13:23.040,1.53001,1.53028,1.50,1.50
2012.08.17 07:13:25.786,1.53002,1.53028,1.50,1.50
2012.08.17 07:13:25.904,1.53,1.53028,1.50,1.50
2012.08.17 07:13:33.152,1.53,1.53028,1.50,1.50
2012.08.17 07:13:33.524,1.53,1.5303,1.50,1.50
2012.08.17 07:13:33.644,1.53,1.53028,1.50,1.50
2012.08.17 07:13:34.499,1.53003,1.5303,1.50,1.50
2012.08.17 07:13:34.843,1.53009,1.53037,1.50,1.50
2012.08.17 07:13:34.964,1.53014,1.53043,1.50,1.50
2012.08.17 07:13:35.212,1.53008,1.53035,1.50,1.50
2012.08.17 07:13:37.689,1.53008,1.53038,1.50,1.50
2012.08.17 07:13:38.034,1.53013,1.53042,1.50,1.50
2012.08.17 07:13:42.885,1.53005,1.53035,1.25,1.50
2012.08.17 07:13:43.228,1.53004,1.53035,1.86,1.50
2012.08.17 07:13:43.522,1.52992,1.53022,2.25,1.50
2012.08.17 07:13:43.585,1.52992,1.53022,1.50,1.50
2012.08.17 07:13:43.932,1.52983,1.53017,1.77,1.50
2012.08.17 07:13:43.995,1.5298,1.5301,1.50,1.50
2012.08.17 07:13:46.112,1.52978,1.5301,1.50,1.73
2012.08.17 07:13:46.176,1.52976,1.53005,1.50,1.50
2012.08.17 07:13:51.009,1.5298,1.5301,1.50,1.73
2012.08.17 07:13:51.073,1.5298,1.5301,1.50,1.73
2012.08.17 07:13:51.193,1.5298,1.5301,1.50,1.73
2012.08.17 07:13:51.312,1.5298,1.5301,1.50,1.73
2012.08.17 07:13:52.812,1.5298,1.5301,1.50,1.73
2012.08.17 07:13:54.089,1.52978,1.5301,1.50,1.73
2012.08.17 07:13:54.354,1.52975,1.53005,1.50,1.50
2012.08.17 07:13:54.823,1.52975,1.53005,1.50,1.73
2012.08.17 07:13:54.945,1.5297,1.53001,1.50,1.73
2012.08.17 07:13:55.357,1.52968,1.53001,1.50,1.73
2012.08.17 07:13:55.421,1.52965,1.52996,1.50,1.50
2012.08.17 07:13:57.846,1.5297,1.53001,1.50,1.73
2012.08.17 07:13:58.190,1.52971,1.53002,1.02,1.13
2012.08.17 07:13:58.701,1.52978,1.53007,1.50,1.50
2012.08.17 07:14:01.193,1.52978,1.53006,1.50,1.50
2012.08.17 07:14:01.425,1.52978,1.53007,1.50,1.50
2012.08.17 07:14:01.971,1.5297,1.53006,1.50,1.50
2012.08.17 07:14:02.034,1.5297,1.52999,1.50,1.50
2012.08.17 07:14:03.911,1.52972,1.53005,1.50,1.50
2012.08.17 07:14:04.031,1.52976,1.53005,1.50,1.50
2012.08.17 07:14:05.198,1.52972,1.53005,1.50,1.50
2012.08.17 07:14:05.261,1.52969,1.52999,1.50,1.50
2012.08.17 07:14:07.016,1.52969,1.52999,1.50,1.73
2012.08.17 07:14:07.600,1.52969,1.52999,1.50,1.50
2012.08.17 07:14:07.851,1.52974,1.53003,1.50,1.35
2012.08.17 07:14:08.263,1.52973,1.53003,1.50,2.10
2012.08.17 07:14:08.813,1.5297,1.53,1.50,1.73
2012.08.17 07:14:09.375,1.5297,1.53,1.50,1.73
2012.08.17 07:14:09.495,1.52967,1.53,1.50,1.73
2012.08.17 07:14:09.615,1.52966,1.52995,1.50,1.73
2012.08.17 07:14:09.734,1.52962,1.52995,1.50,1.73
2012.08.17 07:14:09.797,1.5296,1.52991,1.50,1.50
2012.08.17 07:14:11.292,1.5296,1.53003,2.48,1.88
2012.08.17 07:14:11.361,1.52976,1.53006,1.50,1.50
2012.08.17 07:14:11.427,1.52982,1.53009,1.50,1.24
2012.08.17 07:14:11.660,1.52975,1.53004,1.50,1.50
2012.08.17 07:14:12.024,1.52975,1.53009,1.50,1.50
2012.08.17 07:14:12.370,1.52979,1.53011,1.50,1.99
2012.08.17 07:14:12.810,1.52976,1.53011,1.50,1.50
2012.08.17 07:14:12.873,1.52983,1.53013,1.50,1.50
2012.08.17 07:14:21.577,1.52983,1.53014,1.73,1.50
2012.08.17 07:14:21.926,1.52983,1.53014,1.50,2.21
2012.08.17 07:14:21.989,1.52978,1.5301,1.50,1.46
2012.08.17 07:14:22.052,1.52976,1.53007,1.50,1.73
2012.08.17 07:14:22.741,1.52976,1.53007,1.50,1.50
2012.08.17 07:14:23.479,1.52978,1.53009,1.50,1.50
2012.08.17 07:14:23.718,1.52966,1.52997,1.50,1.50
2012.08.17 07:14:23.781,1.52968,1.53001,1.50,1.50
2012.08.17 07:14:23.845,1.52971,1.53001,1.50,1.50
2012.08.17 07:14:24.377,1.52975,1.53006,1.50,1.50
2012.08.17 07:14:25.843,1.52975,1.53009,1.73,1.50
2012.08.17 07:14:25.913,1.52982,1.5301,1.50,1.50
2012.08.17 07:14:27.455,1.52978,1.5301,1.50,1.50
2012.08.17 07:14:27.574,1.52975,1.53004,1.73,1.50
2012.08.17 07:14:35.044,1.52982,1.53012,1.50,1.50
2012.08.17 07:14:37.756,1.52977,1.53009,1.73,1.50
2012.08.17 07:14:37.819,1.52977,1.53008,1.73,1.50
2012.08.17 07:14:37.883,1.5298,1.53011,1.73,1.50
2012.08.17 07:14:38.003,1.52983,1.53011,1.50,1.50
2012.08.17 07:14:38.068,1.52978,1.53006,1.73,1.50
2012.08.17 07:14:38.413,1.52978,1.53004,1.73,1.99
2012.08.17 07:14:38.591,1.52963,1.52993,1.50,2.48
2012.08.17 07:14:38.959,1.52958,1.52989,1.50,1.50
2012.08.17 07:14:47.715,1.52964,1.52995,1.50,1.50
2012.08.17 07:14:47.779,1.52964,1.52998,1.50,1.50
2012.08.17 07:14:47.841,1.52969,1.53,1.50,1.73
2012.08.17 07:14:48.019,1.52966,1.52999,1.50,1.46
2012.08.17 07:14:48.196,1.52964,1.52994,1.50,1.50
2012.08.17 07:14:48.357,1.52961,1.52994,1.50,1.50
2012.08.17 07:14:48.477,1.5296,1.52989,1.50,1.50
2012.08.17 07:14:49.452,1.5296,1.52989,1.50,1.73
2012.08.17 07:14:49.630,1.52946,1.52977,1.50,1.50
2012.08.17 07:14:50.123,1.52937,1.52977,1.50,1.73
2012.08.17 07:14:50.300,1.52935,1.52966,1.50,1.50
2012.08.17 07:14:50.476,1.52928,1.52964,1.50,1.50
2012.08.17 07:14:50.540,1.52928,1.52959,1.50,1.50
2012.08.17 07:14:50.839,1.52935,1.52963,1.50,1.50
2012.08.17 07:14:52.804,1.52936,1.52971,1.77,1.50
2012.08.17 07:14:52.866,1.52942,1.52971,1.50,1.50
2012.08.17 07:14:53.244,1.52943,1.52978,1.50,1.73
2012.08.17 07:14:53.308,1.5295,1.52978,1.50,1.50
2012.08.17 07:15:04.509,1.52944,1.52976,1.50,1.50
2012.08.17 07:15:04.573,1.52944,1.52974,1.50,1.50
2012.08.17 07:15:06.735,1.52939,1.52968,1.50,1.50
2012.08.17 07:15:06.915,1.52939,1.52972,1.50,1.73
2012.08.17 07:15:07.437,1.52944,1.52975,1.50,1.50
2012.08.17 07:15:07.551,1.52947,1.52981,1.50,1.50
2012.08.17 07:15:07.613,1.52952,1.52981,1.50,1.50
2012.08.17 07:15:09.962,1.52949,1.5298,1.50,1.50
2012.08.17 07:15:14.525,1.52945,1.5298,1.50,1.50
2012.08.17 07:15:14.872,1.52944,1.52973,1.50,1.50
2012.08.17 07:15:15.159,1.52944,1.52972,1.50,1.50
2012.08.17 07:15:15.393,1.52937,1.52966,1.50,1.73
2012.08.17 07:15:15.457,1.52933,1.52968,1.50,1.73
2012.08.17 07:15:15.521,1.52931,1.5296,1.73,1.50
2012.08.17 07:15:15.890,1.52935,1.52972,1.02,1.88
2012.08.17 07:15:16.011,1.52944,1.52972,1.50,1.88
2012.08.17 07:15:16.131,1.52944,1.52972,1.50,1.13
2012.08.17 07:15:16.307,1.52948,1.52979,1.50,1.50
2012.08.17 07:15:19.244,1.52944,1.52977,1.50,1.50
2012.08.17 07:15:19.306,1.52944,1.52972,1.50,1.50
2012.08.17 07:15:19.481,1.5294,1.52972,1.50,1.50
2012.08.17 07:15:19.884,1.52937,1.52968,1.50,1.50
2012.08.17 07:15:21.179,1.52939,1.52968,1.25,1.50
2012.08.17 07:15:21.244,1.52944,1.52972,1.50,1.50
2012.08.17 07:15:24.319,1.5294,1.52972,1.50,1.50
2012.08.17 07:15:24.437,1.52937,1.52968,1.50,1.50
2012.08.17 07:15:24.996,1.52944,1.52973,1.50,1.50
2012.08.17 07:15:28.344,1.52939,1.52972,1.73,1.50
2012.08.17 07:15:28.465,1.52939,1.52969,1.73,1.50
2012.08.17 07:15:31.993,1.52944,1.52975,1.50,1.50
2012.08.17 07:15:33.262,1.52938,1.52973,1.73,1.50
2012.08.17 07:15:33.325,1.52938,1.52969,1.73,1.50
2012.08.17 07:15:33.842,1.52945,1.52974,1.50,1.50
2012.08.17 07:15:35.097,1.52939,1.52972,1.50,1.50
2012.08.17 07:15:35.159,1.52939,1.52968,1.50,1.50
2012.08.17 07:15:37.325,1.52939,1.5297,1.50,1.50
2012.08.17 07:15:37.395,1.52943,1.52973,1.50,1.50
2012.08.17 07:15:37.866,1.52938,1.52969,1.50,1.50
2012.08.17 07:15:38.735,1.52938,1.52971,1.50,1.50
2012.08.17 07:15:39.127,1.52943,1.52973,1.50,1.50
2012.08.17 07:15:51.913,1.52934,1.52964,1.50,1.50
2012.08.17 07:15:52.144,1.52933,1.52961,1.50,1.50
2012.08.17 07:15:52.379,1.52927,1.52956,1.50,1.50
2012.08.17 07:15:52.777,1.52924,1.52956,1.50,1.50
2012.08.17 07:15:52.840,1.52921,1.52952,1.50,1.50
2012.08.17 07:15:56.278,1.52924,1.52957,1.50,1.50
2012.08.17 07:15:56.342,1.52926,1.52957,1.50,1.50
2012.08.17 07:15:59.929,1.52928,1.52961,1.02,1.50
2012.08.17 07:16:00.049,1.52933,1.52963,1.50,1.50
2012.08.17 07:16:01.388,1.5293,1.52963,1.65,1.50
2012.08.17 07:16:01.455,1.52928,1.52957,1.50,1.50
2012.08.17 07:16:05.144,1.52924,1.52957,1.50,1.50
2012.08.17 07:16:05.206,1.52921,1.52952,1.50,1.50
2012.08.17 07:16:05.734,1.52915,1.52944,1.73,1.50
2012.08.17 07:16:05.936,1.52909,1.52943,1.02,1.50
2012.08.17 07:16:05.999,1.52909,1.52939,1.02,1.50
2012.08.17 07:16:06.062,1.52911,1.52945,1.50,1.50
2012.08.17 07:16:06.125,1.52914,1.52945,1.50,1.50
2012.08.17 07:16:08.814,1.52909,1.52938,1.77,1.50
2012.08.17 07:16:09.162,1.52905,1.52932,1.02,1.50
2012.08.17 07:16:09.508,1.52896,1.52927,1.88,1.50
2012.08.17 07:16:10.081,1.52896,1.52927,1.65,1.50
2012.08.17 07:16:11.722,1.52891,1.52927,1.50,1.50
2012.08.17 07:16:11.785,1.5289,1.52918,1.50,1.50
2012.08.17 07:16:14.623,1.52891,1.52926,1.73,1.50
2012.08.17 07:16:14.688,1.52898,1.52926,1.50,1.50
2012.08.17 07:16:14.751,1.52898,1.52929,1.50,1.50
2012.08.17 07:16:14.926,1.52903,1.52931,1.50,1.50
2012.08.17 07:16:24.723,1.52898,1.52929,1.50,1.50
2012.08.17 07:16:24.842,1.52898,1.52926,1.50,1.50
2012.08.17 07:16:25.187,1.52893,1.52926,1.50,1.50
2012.08.17 07:16:25.574,1.52898,1.52926,1.50,1.50
2012.08.17 07:16:25.665,1.52891,1.52923,1.50,1.50
2012.08.17 07:16:25.783,1.52895,1.52926,1.50,1.50
2012.08.17 07:16:26.296,1.52895,1.52925,1.50,1.50
2012.08.17 07:16:30.876,1.52898,1.52931,1.50,1.50
2012.08.17 07:16:30.940,1.529,1.52931,1.50,1.50
2012.08.17 07:16:32.951,1.52899,1.52931,1.50,1.73
2012.08.17 07:16:33.482,1.52896,1.52926,1.50,1.50
2012.08.17 07:16:44.957,1.52899,1.5293,1.02,1.50
2012.08.17 07:16:45.059,1.52901,1.52932,1.50,1.50
2012.08.17 07:16:54.084,1.52901,1.52937,1.50,1.73
2012.08.17 07:16:54.146,1.52909,1.52938,1.50,1.50
2012.08.17 07:16:54.939,1.52909,1.52938,1.50,1.73
2012.08.17 07:16:57.095,1.52909,1.52938,1.50,1.50
2012.08.17 07:16:58.886,1.52903,1.52937,1.50,1.73
2012.08.17 07:16:58.956,1.52903,1.52932,1.50,1.50
2012.08.17 07:17:02.683,1.529,1.52931,1.50,1.50
2012.08.17 07:17:04.601,1.52901,1.5293,1.50,1.50
2012.08.17 07:17:07.436,1.52894,1.52929,1.77,1.50
2012.08.17 07:17:07.558,1.52894,1.52925,1.50,1.50
2012.08.17 07:17:07.920,1.52891,1.52925,1.50,1.50
2012.08.17 07:17:08.040,1.52893,1.52922,1.50,1.50
2012.08.17 07:17:10.654,1.52887,1.52916,1.50,1.73
2012.08.17 07:17:10.891,1.52897,1.52926,1.50,1.50
2012.08.17 07:17:11.235,1.52898,1.52926,1.25,1.50
2012.08.17 07:17:11.888,1.52912,1.52944,1.02,1.50
2012.08.17 07:17:11.956,1.52917,1.52946,1.50,1.50
2012.08.17 07:17:12.473,1.52915,1.52949,1.25,1.50
2012.08.17 07:17:14.166,1.52914,1.52954,2.00,1.50
2012.08.17 07:17:14.517,1.52923,1.52954,1.50,1.50
2012.08.17 07:17:19.160,1.52931,1.52959,1.50,1.50
2012.08.17 07:17:19.394,1.52925,1.52954,1.50,1.50
2012.08.17 07:17:19.458,1.5292,1.52954,1.02,1.50
2012.08.17 07:17:19.521,1.52918,1.52946,1.25,1.50
2012.08.17 07:17:19.698,1.52911,1.52946,1.73,1.50
2012.08.17 07:17:19.817,1.52909,1.52939,1.50,1.50
2012.08.17 07:17:24.951,1.5291,1.52939,1.25,1.50
2012.08.17 07:17:25.183,1.52911,1.52941,1.25,1.50
2012.08.17 07:17:25.246,1.52913,1.52944,1.50,1.50
2012.08.17 07:17:26.440,1.52913,1.52944,1.50,1.73
2012.08.17 07:17:27.215,1.52913,1.52944,1.50,1.50
2012.08.17 07:17:33.238,1.52907,1.52938,1.50,1.50
2012.08.17 07:17:33.881,1.5291,1.52943,1.50,1.50
2012.08.17 07:17:33.999,1.52914,1.52943,1.50,1.50
2012.08.17 07:17:35.548,1.52912,1.52943,1.50,2.25
2012.08.17 07:17:35.688,1.5291,1.52938,1.50,1.50
2012.08.17 07:17:36.225,1.5291,1.52941,1.50,1.50
2012.08.17 07:17:36.577,1.52914,1.52943,1.50,1.50
2012.08.17 07:17:36.642,1.5291,1.52938,1.50,1.50
2012.08.17 07:17:37.350,1.52906,1.52938,1.77,1.50
2012.08.17 07:17:37.413,1.52903,1.52933,1.77,1.50
2012.08.17 07:17:37.653,1.529,1.52933,1.50,1.50
2012.08.17 07:17:37.716,1.52898,1.52928,1.02,1.50
2012.08.17 07:17:37.959,1.529,1.52928,1.02,1.50
2012.08.17 07:17:38.078,1.52902,1.52933,1.50,1.50
2012.08.17 07:17:39.990,1.52902,1.52937,1.77,1.50
2012.08.17 07:17:40.064,1.52902,1.52933,1.50,1.50
2012.08.17 07:17:40.128,1.52904,1.52938,1.50,1.50
2012.08.17 07:17:40.192,1.52902,1.52931,1.50,1.50
2012.08.17 07:17:52.500,1.52895,1.52929,1.50,1.50
2012.08.17 07:17:52.563,1.52895,1.52924,1.50,1.50
2012.08.17 07:17:57.054,1.529,1.52929,1.50,1.50
2012.08.17 07:17:57.575,1.52906,1.52935,1.50,1.50
2012.08.17 07:17:59.529,1.52903,1.52935,1.73,1.50
2012.08.17 07:17:59.591,1.52902,1.5293,1.73,1.50
2012.08.17 07:18:02.937,1.52902,1.52933,1.73,1.50
2012.08.17 07:18:03.000,1.52905,1.52936,1.50,1.50
2012.08.17 07:18:08.781,1.52903,1.52933,1.73,1.50
2012.08.17 07:18:13.663,1.52904,1.52933,1.58,1.50
2012.08.17 07:18:13.728,1.52904,1.52933,1.58,1.50
2012.08.17 07:18:17.694,1.52907,1.52937,1.25,1.50
2012.08.17 07:18:17.757,1.52908,1.52937,1.73,1.50
2012.08.17 07:18:37.633,1.52908,1.52937,1.50,1.50
2012.08.17 07:18:42.903,1.52904,1.52936,1.50,1.50
2012.08.17 07:18:43.079,1.52904,1.52933,2.25,1.50
2012.08.17 07:18:43.800,1.52907,1.52933,1.02,1.50
2012.08.17 07:18:44.300,1.52908,1.52934,1.25,1.50
2012.08.17 07:18:44.497,1.52921,1.52952,1.50,1.50
2012.08.17 07:18:45.233,1.52919,1.52952,1.50,1.73
2012.08.17 07:18:45.352,1.52918,1.52946,1.50,1.50
2012.08.17 07:18:49.750,1.52914,1.52946,1.50,1.50
2012.08.17 07:18:49.812,1.52913,1.52941,1.50,1.50
2012.08.17 07:18:51.624,1.52913,1.52945,1.50,1.50
2012.08.17 07:18:51.688,1.52916,1.52947,1.50,1.50
2012.08.17 07:18:55.211,1.52909,1.52945,1.73,1.50
2012.08.17 07:18:55.275,1.52909,1.52939,1.73,1.50
2012.08.17 07:18:56.007,1.52909,1.52939,1.73,1.50
2012.08.17 07:18:56.126,1.52916,1.52943,1.50,1.50
2012.08.17 07:18:56.361,1.52908,1.52937,1.50,1.50
2012.08.17 07:18:56.481,1.52908,1.52937,1.73,1.50
2012.08.17 07:18:57.534,1.52908,1.52942,1.73,1.50
2012.08.17 07:18:57.597,1.52913,1.52943,1.50,1.50
2012.08.17 07:18:58.256,1.52907,1.52942,1.73,1.50
2012.08.17 07:18:58.779,1.52907,1.52938,1.73,1.50
2012.08.17 07:18:58.845,1.52914,1.52943,1.50,1.50
2012.08.17 07:19:00.170,1.52914,1.52943,1.50,1.50
2012.08.17 07:19:00.859,1.52914,1.52948,1.50,1.50
2012.08.17 07:19:00.979,1.52918,1.52948,1.50,1.50
2012.08.17 07:19:01.212,1.52914,1.52943,1.50,1.50
2012.08.17 07:19:01.503,1.52909,1.52938,1.73,1.50
2012.08.17 07:19:03.230,1.52909,1.52938,1.50,1.50
2012.08.17 07:19:03.920,1.5291,1.52943,1.50,1.50
2012.08.17 07:19:03.984,1.52916,1.52945,1.50,1.50
2012.08.17 07:19:04.555,1.52916,1.52949,1.73,1.50
2012.08.17 07:19:04.865,1.52916,1.52954,1.73,1.50
2012.08.17 07:19:05.352,1.52927,1.52956,1.50,1.50
2012.08.17 07:19:07.354,1.52921,1.52952,1.73,1.50
2012.08.17 07:19:07.701,1.52929,1.52959,1.50,1.50
2012.08.17 07:19:08.961,1.52924,1.52957,1.73,1.50
2012.08.17 07:19:09.032,1.52924,1.52953,1.50,1.50
2012.08.17 07:19:11.238,1.5293,1.52956,1.50,1.50
2012.08.17 07:19:11.370,1.5293,1.52958,1.50,1.73
2012.08.17 07:19:11.692,1.52926,1.52958,1.50,1.73
2012.08.17 07:19:11.760,1.52924,1.52954,1.50,1.50
2012.08.17 07:19:12.488,1.5292,1.52952,1.73,1.50
2012.08.17 07:19:12.607,1.5292,1.52949,1.73,1.50
2012.08.17 07:19:12.725,1.52914,1.52944,1.50,1.50
2012.08.17 07:19:13.184,1.52909,1.52938,1.73,1.50
2012.08.17 07:19:13.531,1.5291,1.52943,1.50,2.25
2012.08.17 07:19:13.649,1.52914,1.52943,1.50,2.25
2012.08.17 07:19:13.768,1.52908,1.52936,1.50,1.50
2012.08.17 07:19:16.265,1.52908,1.52936,1.73,1.50
2012.08.17 07:19:16.496,1.52911,1.52942,1.73,1.50
2012.08.17 07:19:21.004,1.52916,1.52947,1.50,1.50
2012.08.17 07:19:21.409,1.52916,1.52945,1.73,1.50
2012.08.17 07:19:21.641,1.52916,1.52947,1.50,1.50
2012.08.17 07:19:21.707,1.52911,1.5294,1.50,1.50
2012.08.17 07:19:22.014,1.52916,1.52945,1.50,1.50
2012.08.17 07:19:24.002,1.5292,1.5295,1.50,1.50
2012.08.17 07:19:25.103,1.5292,1.52953,1.50,1.73
2012.08.17 07:19:25.167,1.52926,1.52954,1.50,1.50
2012.08.17 07:19:25.936,1.52926,1.52955,1.50,1.50
2012.08.17 07:19:26.007,1.5293,1.5296,1.50,1.50
2012.08.17 07:19:26.356,1.5293,1.52958,1.50,1.50
2012.08.17 07:19:27.226,1.52911,1.52942,1.73,1.50
2012.08.17 07:19:27.345,1.52911,1.52942,1.50,1.50
2012.08.17 07:19:29.562,1.52913,1.52943,1.50,1.50
2012.08.17 07:19:29.627,1.52916,1.52944,1.50,1.50
2012.08.17 07:19:30.137,1.52916,1.52946,1.50,1.50
2012.08.17 07:19:31.107,1.52916,1.52944,1.50,1.50
2012.08.17 07:19:31.227,1.52912,1.52941,1.50,1.50
2012.08.17 07:19:32.017,1.52912,1.52946,1.50,1.50
2012.08.17 07:19:32.148,1.52918,1.52949,1.50,1.50
2012.08.17 07:19:35.531,1.52921,1.52953,1.50,1.50
2012.08.17 07:19:35.594,1.52925,1.52953,1.50,1.50
2012.08.17 07:19:36.231,1.52918,1.52949,1.50,1.50
2012.08.17 07:19:36.567,1.52921,1.52953,1.50,2.25
2012.08.17 07:19:36.630,1.52924,1.52953,1.50,2.25
2012.08.17 07:19:41.267,1.52932,1.5296,1.50,1.73
2012.08.17 07:19:44.546,1.52931,1.52959,1.50,1.50
2012.08.17 07:19:44.950,1.52933,1.52964,1.50,1.50
2012.08.17 07:19:45.013,1.52936,1.52964,1.50,1.50
2012.08.17 07:19:46.930,1.52929,1.5296,1.73,1.50
2012.08.17 07:19:51.767,1.52929,1.5296,1.73,1.50
2012.08.17 07:19:51.886,1.52938,1.52968,1.50,1.50
2012.08.17 07:19:52.010,1.52934,1.52963,1.50,1.50
2012.08.17 07:19:55.479,1.52935,1.52968,1.50,1.99
2012.08.17 07:19:55.990,1.52938,1.52964,1.50,1.24
2012.08.17 07:19:56.221,1.52927,1.52956,1.50,1.50
2012.08.17 07:19:58.133,1.52931,1.52961,1.50,1.50
2012.08.17 07:19:59.215,1.52926,1.52957,1.50,1.50
2012.08.17 07:19:59.278,1.52926,1.52955,1.50,1.50
2012.08.17 07:19:59.341,1.52921,1.52953,1.73,1.50
2012.08.17 07:19:59.404,1.52921,1.52951,1.73,1.50
2012.08.17 07:19:59.648,1.52924,1.52957,1.73,1.50
2012.08.17 07:19:59.710,1.52926,1.52955,1.50,1.50
2012.08.17 07:19:59.831,1.52928,1.52955,1.50,1.50
2012.08.17 07:20:00.172,1.52932,1.52961,1.50,1.50
2012.08.17 07:20:00.402,1.52932,1.52963,1.50,1.50
2012.08.17 07:20:02.830,1.52934,1.52964,1.50,1.50
2012.08.17 07:20:02.892,1.52938,1.52966,1.50,1.99
2012.08.17 07:20:03.480,1.52938,1.52966,1.50,1.24
2012.08.17 07:20:05.574,1.52938,1.52966,1.50,1.24
2012.08.17 07:20:06.209,1.52938,1.52966,1.50,1.24
2012.08.17 07:20:11.043,1.52938,1.52966,1.50,1.24
2012.08.17 07:20:14.424,1.52938,1.52965,1.50,1.46
2012.08.17 07:20:14.876,1.52938,1.52964,1.50,1.24
2012.08.17 07:20:15.286,1.52938,1.52964,1.50,1.24
2012.08.17 07:20:15.465,1.52932,1.52958,1.50,1.24
2012.08.17 07:20:15.989,1.52932,1.52958,1.50,1.24
2012.08.17 07:20:16.521,1.52932,1.52958,1.50,1.24
2012.08.17 07:20:19.249,1.52932,1.52958,1.50,1.24
2012.08.17 07:20:19.366,1.52932,1.52958,1.50,1.24
2012.08.17 07:20:19.487,1.52926,1.52957,1.50,1.99
2012.08.17 07:20:19.663,1.52922,1.52952,1.50,1.13
2012.08.17 07:20:19.975,1.52914,1.52945,1.50,1.46
2012.08.17 07:20:20.039,1.52914,1.52945,1.50,1.73
2012.08.17 07:20:20.630,1.52921,1.5295,1.50,1.50
2012.08.17 07:20:21.297,1.52926,1.52954,1.50,2.21
2012.08.17 07:20:21.544,1.52926,1.52956,1.50,1.99
2012.08.17 07:20:22.771,1.52926,1.52954,1.50,1.50
2012.08.17 07:20:22.953,1.52924,1.52953,1.50,1.50
2012.08.17 07:20:23.297,1.52926,1.52954,1.50,1.24
2012.08.17 07:20:23.361,1.52926,1.52954,1.50,1.24
2012.08.17 07:20:23.868,1.52927,1.52954,1.50,1.99
2012.08.17 07:20:24.726,1.52923,1.5295,1.50,1.24
2012.08.17 07:20:24.789,1.52922,1.5295,1.50,1.24
2012.08.17 07:20:25.081,1.52923,1.5295,1.50,1.24
2012.08.17 07:20:25.631,1.52925,1.52954,1.50,1.24
2012.08.17 07:20:25.971,1.52925,1.52954,1.50,1.24
2012.08.17 07:20:26.635,1.52925,1.52957,1.50,1.46
2012.08.17 07:20:26.754,1.52926,1.52957,1.50,1.46
2012.08.17 07:20:26.818,1.5293,1.52962,1.50,1.46
2012.08.17 07:20:27.048,1.5293,1.52962,1.50,1.46
2012.08.17 07:20:27.165,1.5293,1.52962,1.50,1.46
2012.08.17 07:20:28.016,1.5293,1.52962,1.50,1.46
2012.08.17 07:20:28.086,1.5293,1.52962,1.50,1.24
2012.08.17 07:20:28.221,1.5293,1.52963,1.50,1.99
2012.08.17 07:20:28.648,1.52936,1.52963,1.50,1.24
2012.08.17 07:20:28.996,1.52934,1.52966,1.50,1.24
2012.08.17 07:20:29.117,1.52931,1.52961,1.50,1.24
2012.08.17 07:20:29.180,1.52931,1.52959,1.50,1.24
2012.08.17 07:20:30.397,1.52931,1.52959,1.50,1.99
2012.08.17 07:20:31.493,1.52931,1.5296,1.50,1.24
2012.08.17 07:20:31.668,1.52931,1.52959,1.50,1.50
2012.08.17 07:20:32.012,1.52931,1.5296,1.50,1.24
2012.08.17 07:20:32.078,1.52927,1.52957,1.50,1.50
2012.08.17 07:20:32.744,1.52927,1.52955,1.50,1.24
2012.08.17 07:20:34.418,1.52927,1.52953,1.50,1.24
2012.08.17 07:20:35.002,1.52927,1.52953,1.50,1.46
2012.08.17 07:20:36.711,1.52927,1.52955,1.50,1.46
2012.08.17 07:20:36.884,1.52927,1.52955,1.50,1.24
2012.08.17 07:20:37.601,1.52927,1.52955,1.50,1.99
2012.08.17 07:20:39.816,1.52927,1.52953,1.50,1.24
2012.08.17 07:20:39.991,1.52918,1.52947,1.73,1.50
2012.08.17 07:20:40.661,1.52918,1.52945,1.50,1.24
2012.08.17 07:20:41.319,1.52914,1.52942,1.50,1.46
2012.08.17 07:20:41.869,1.52912,1.52943,1.50,1.50
2012.08.17 07:20:41.988,1.5292,1.52947,1.50,1.24
2012.08.17 07:20:45.604,1.5292,1.52947,1.50,1.24
2012.08.17 07:20:48.760,1.5292,1.52948,1.50,1.50
2012.08.17 07:20:49.099,1.52926,1.52953,1.50,1.99
2012.08.17 07:20:53.177,1.52926,1.52953,1.50,1.99
2012.08.17 07:20:53.296,1.52926,1.52953,1.50,1.50
2012.08.17 07:20:54.998,1.52928,1.52953,1.50,1.50
2012.08.17 07:20:55.341,1.52931,1.52958,1.50,1.46
2012.08.17 07:20:55.949,1.52931,1.52955,1.50,1.24
2012.08.17 07:20:56.215,1.52928,1.52954,1.50,1.50
2012.08.17 07:20:56.278,1.52927,1.52954,1.50,1.50
2012.08.17 07:20:56.612,1.52927,1.52954,1.50,1.99
2012.08.17 07:20:57.687,1.52927,1.52954,1.50,1.99
2012.08.17 07:21:00.152,1.52927,1.52954,1.50,1.99
2012.08.17 07:21:00.271,1.52927,1.52954,1.50,1.99
2012.08.17 07:21:01.818,1.52931,1.52957,1.50,1.24
2012.08.17 07:21:02.364,1.52931,1.52954,1.50,1.24
2012.08.17 07:21:02.649,1.52924,1.52952,1.50,1.24
2012.08.17 07:21:03.111,1.52924,1.52954,1.50,1.99
2012.08.17 07:21:03.454,1.52926,1.52952,1.50,1.24
2012.08.17 07:21:03.516,1.52925,1.52952,1.50,1.24
2012.08.17 07:21:04.461,1.52925,1.52953,1.50,1.24
2012.08.17 07:21:04.582,1.5293,1.52954,1.50,1.24
2012.08.17 07:21:04.891,1.5293,1.52959,1.50,1.24
2012.08.17 07:21:05.067,1.5293,1.52963,1.50,1.99
2012.08.17 07:21:05.133,1.52937,1.52963,1.50,1.24
2012.08.17 07:21:05.493,1.52941,1.52964,1.50,1.24
2012.08.17 07:21:06.016,1.52941,1.52967,1.50,1.99
2012.08.17 07:21:07.379,1.52941,1.52965,1.50,1.24
2012.08.17 07:21:07.499,1.52941,1.52965,1.50,1.24
2012.08.17 07:21:08.230,1.52941,1.52969,1.50,1.50
2012.08.17 07:21:08.573,1.52941,1.52967,1.73,1.50
2012.08.17 07:21:08.638,1.52933,1.52961,1.50,1.24
2012.08.17 07:21:08.701,1.52933,1.5296,1.50,1.50
2012.08.17 07:21:09.015,1.52919,1.52944,1.73,1.99
2012.08.17 07:21:09.136,1.52917,1.52944,1.50,1.99
2012.08.17 07:21:09.367,1.52917,1.52944,1.50,1.50
2012.08.17 07:21:09.487,1.52917,1.52944,1.50,1.99
2012.08.17 07:21:10.294,1.52918,1.52944,1.50,1.46
2012.08.17 07:21:10.636,1.52918,1.52944,1.50,1.46
2012.08.17 07:21:12.023,1.52918,1.52944,1.50,1.46
2012.08.17 07:21:12.444,1.52918,1.52944,1.50,1.46
2012.08.17 07:21:12.723,1.52911,1.52939,1.50,1.24
2012.08.17 07:21:14.306,1.52917,1.52945,1.50,1.50
2012.08.17 07:21:14.371,1.52923,1.52946,1.50,1.24
2012.08.17 07:21:14.434,1.52923,1.5295,1.50,1.46
2012.08.17 07:21:14.744,1.52923,1.52951,1.50,1.50
2012.08.17 07:21:14.978,1.52915,1.52945,1.50,1.50
2012.08.17 07:21:15.867,1.52922,1.52953,1.50,1.50
2012.08.17 07:21:17.694,1.52922,1.52953,1.73,1.24
2012.08.17 07:21:18.040,1.52922,1.52953,1.50,1.46
2012.08.17 07:21:18.279,1.52922,1.52953,1.50,1.46
2012.08.17 07:21:18.400,1.52922,1.52951,1.50,1.24
2012.08.17 07:21:18.464,1.52918,1.52951,1.50,1.24
2012.08.17 07:21:18.645,1.52916,1.52947,1.73,1.50
2012.08.17 07:21:18.710,1.52916,1.5295,1.73,1.50
2012.08.17 07:21:19.059,1.52916,1.5295,1.73,1.50
2012.08.17 07:21:19.656,1.52915,1.52954,1.73,1.50
2012.08.17 07:21:19.726,1.52931,1.5296,1.50,1.50
2012.08.17 07:21:19.846,1.52931,1.5296,1.50,1.24
2012.08.17 07:21:20.247,1.52926,1.52955,1.50,1.50
2012.08.17 07:21:20.646,1.52926,1.52953,1.50,1.50
2012.08.17 07:21:21.514,1.52926,1.52953,1.50,1.50
2012.08.17 07:21:23.100,1.5293,1.52955,1.50,1.24
2012.08.17 07:21:23.470,1.5293,1.52955,1.50,1.24
2012.08.17 07:21:23.929,1.52926,1.52954,1.50,1.50
2012.08.17 07:21:24.217,1.52927,1.52954,1.50,1.50
2012.08.17 07:21:24.395,1.52925,1.52953,1.50,1.50
2012.08.17 07:21:25.107,1.52925,1.52953,1.50,1.50
2012.08.17 07:21:25.396,1.5292,1.52953,1.50,2.74
2012.08.17 07:21:25.461,1.5292,1.5295,1.50,1.24
2012.08.17 07:21:25.525,1.5292,1.52948,1.50,1.24
2012.08.17 07:21:25.702,1.52916,1.52943,1.50,1.50
2012.08.17 07:21:30.785,1.52916,1.52948,1.50,1.24
2012.08.17 07:21:30.847,1.52921,1.5295,1.50,1.24
2012.08.17 07:21:31.255,1.52921,1.52952,1.50,1.50
2012.08.17 07:21:31.857,1.52921,1.52952,1.73,1.50
2012.08.17 07:21:31.927,1.52927,1.52954,1.50,1.24
2012.08.17 07:21:32.052,1.52923,1.5295,1.50,1.50
2012.08.17 07:21:32.532,1.52923,1.52952,1.50,1.99
2012.08.17 07:21:33.153,1.52923,1.5295,1.50,1.24
2012.08.17 07:21:33.499,1.52923,1.52949,1.50,1.24
2012.08.17 07:21:33.748,1.52923,1.5295,1.50,1.24
2012.08.17 07:21:34.276,1.52923,1.5295,1.50,1.24
2012.08.17 07:21:34.399,1.52923,1.5295,1.50,1.99
2012.08.17 07:21:34.629,1.52923,1.5295,1.50,1.24
2012.08.17 07:21:34.691,1.52923,1.5295,1.50,1.24
2012.08.17 07:21:35.152,1.52923,1.5295,1.50,1.24
2012.08.17 07:21:35.327,1.52923,1.5295,1.50,1.50
2012.08.17 07:21:36.171,1.52921,1.52945,1.50,1.50
2012.08.17 07:21:36.233,1.52919,1.52945,1.50,1.50
2012.08.17 07:21:36.609,1.52921,1.52945,1.50,1.50
2012.08.17 07:21:36.745,1.52923,1.52952,1.50,1.24
2012.08.17 07:21:36.863,1.52923,1.52952,1.50,1.50
2012.08.17 07:21:37.484,1.52918,1.52946,1.50,1.50
2012.08.17 07:21:37.661,1.52918,1.52948,1.50,1.50
2012.08.17 07:21:37.838,1.52918,1.52951,1.50,1.50
2012.08.17 07:21:38.432,1.52928,1.52955,1.50,1.50
2012.08.17 07:21:44.708,1.52928,1.52957,1.50,1.50
2012.08.17 07:21:50.419,1.52928,1.52955,1.50,1.50
2012.08.17 07:21:50.833,1.52928,1.52954,1.50,1.46
2012.08.17 07:21:51.526,1.52919,1.52944,1.50,1.50
2012.08.17 07:21:51.598,1.52917,1.52946,1.50,1.50
2012.08.17 07:21:52.004,1.52923,1.52952,1.50,1.50
2012.08.17 07:21:52.569,1.52919,1.52947,1.50,1.50
2012.08.17 07:21:52.691,1.52924,1.52953,1.50,1.50
2012.08.17 07:21:53.478,1.52924,1.52958,1.50,1.99
2012.08.17 07:21:53.604,1.52929,1.52958,1.50,1.24
2012.08.17 07:21:53.723,1.52923,1.52958,1.50,1.99
2012.08.17 07:21:53.805,1.52923,1.52954,1.50,1.50
2012.08.17 07:21:56.202,1.52926,1.52954,1.50,1.99
2012.08.17 07:21:56.267,1.52929,1.52954,1.50,1.24
2012.08.17 07:21:56.387,1.52926,1.52957,1.50,1.46
2012.08.17 07:21:56.452,1.52925,1.52953,1.50,1.50
2012.08.17 07:21:56.572,1.52925,1.52957,1.50,1.46
2012.08.17 07:21:56.638,1.52929,1.52958,1.50,1.46
2012.08.17 07:21:56.702,1.52929,1.52963,1.50,2.48
2012.08.17 07:21:56.766,1.52933,1.52963,1.50,2.48
2012.08.17 07:21:56.830,1.52933,1.52961,1.50,1.46
2012.08.17 07:21:57.064,1.52933,1.52961,1.50,1.46
2012.08.17 07:21:57.333,1.52933,1.5296,1.50,1.24
2012.08.17 07:21:57.828,1.52933,1.52959,1.50,1.46
2012.08.17 07:21:58.079,1.52933,1.5296,1.50,1.46
2012.08.17 07:21:59.993,1.52933,1.52955,1.50,1.24
2012.08.17 07:22:00.229,1.52928,1.52955,1.50,1.99
2012.08.17 07:22:00.292,1.52927,1.52955,1.50,1.99
2012.08.17 07:22:00.354,1.52927,1.52955,1.50,1.99
2012.08.17 07:22:01.092,1.52927,1.52954,1.50,1.46
2012.08.17 07:22:01.615,1.52921,1.52953,1.50,1.73
2012.08.17 07:22:01.679,1.52919,1.5295,1.50,1.50
2012.08.17 07:22:02.964,1.52919,1.52948,1.50,1.50
2012.08.17 07:22:03.141,1.52924,1.52954,1.50,1.50
2012.08.17 07:22:03.504,1.52924,1.52952,1.50,1.73
2012.08.17 07:22:04.408,1.52924,1.52953,1.50,1.50
2012.08.17 07:22:04.475,1.52927,1.52953,1.50,1.50
2012.08.17 07:22:04.822,1.52935,1.52962,1.50,1.73
2012.08.17 07:22:05.166,1.52925,1.52954,1.50,2.25
2012.08.17 07:22:05.554,1.52925,1.52952,1.50,1.50
2012.08.17 07:22:05.717,1.52925,1.52954,1.50,2.48
2012.08.17 07:22:05.893,1.52925,1.52952,1.50,1.50
2012.08.17 07:22:06.124,1.52925,1.52954,1.50,2.48
2012.08.17 07:22:06.882,1.52927,1.52953,1.50,1.73
2012.08.17 07:22:07.115,1.52929,1.52959,1.50,1.50
2012.08.17 07:22:07.546,1.52931,1.52963,1.50,2.48
2012.08.17 07:22:07.617,1.52925,1.52954,1.50,2.25
2012.08.17 07:22:07.907,1.52925,1.52953,1.50,1.50
2012.08.17 07:22:09.130,1.52925,1.52954,1.50,1.73
2012.08.17 07:22:09.251,1.52924,1.52952,1.13,1.50
2012.08.17 07:22:09.595,1.52944,1.52971,1.50,1.73
2012.08.17 07:22:10.817,1.52944,1.52972,1.50,1.50
2012.08.17 07:22:11.774,1.52937,1.52972,1.50,1.73
2012.08.17 07:22:11.843,1.52935,1.52966,1.50,1.50
2012.08.17 07:22:12.404,1.52935,1.52964,1.50,1.73
2012.08.17 07:22:12.468,1.5293,1.52959,1.50,1.50
2012.08.17 07:22:15.879,1.52927,1.52958,1.50,1.50
2012.08.17 07:22:15.950,1.52927,1.52957,1.50,1.73
2012.08.17 07:22:16.298,1.52927,1.52957,1.50,1.73
2012.08.17 07:22:16.360,1.52927,1.52957,1.50,1.50
2012.08.17 07:22:17.639,1.52927,1.52955,1.50,1.50
2012.08.17 07:22:19.311,1.52927,1.52957,1.50,1.73
2012.08.17 07:22:27.376,1.52927,1.5296,1.50,2.21
2012.08.17 07:22:27.496,1.52932,1.5296,1.50,1.24
2012.08.17 07:22:28.127,1.52939,1.52968,1.50,1.24
2012.08.17 07:22:28.472,1.52935,1.52967,1.73,1.50
2012.08.17 07:22:28.536,1.52935,1.52968,1.73,1.24
2012.08.17 07:22:28.767,1.52935,1.52973,1.50,1.99
2012.08.17 07:22:29.212,1.52935,1.52972,1.73,1.24
2012.08.17 07:22:29.558,1.52938,1.52973,1.73,1.50
2012.08.17 07:22:29.622,1.5295,1.52976,1.50,1.50
2012.08.17 07:22:29.988,1.5295,1.52973,1.50,1.24
2012.08.17 07:22:30.221,1.52938,1.52966,1.50,1.50
2012.08.17 07:22:30.398,1.52938,1.52969,1.50,1.50
2012.08.17 07:22:30.816,1.52944,1.52972,1.50,1.50
2012.08.17 07:22:31.244,1.52944,1.52974,1.50,1.50
2012.08.17 07:22:32.946,1.52939,1.52972,1.50,1.50
2012.08.17 07:22:33.010,1.52939,1.52969,1.50,1.50
2012.08.17 07:22:33.336,1.52939,1.52966,1.50,1.50
2012.08.17 07:22:33.966,1.52936,1.52969,1.50,1.50
2012.08.17 07:22:34.039,1.52934,1.52962,1.50,1.50
2012.08.17 07:22:37.052,1.52928,1.52958,1.73,1.50
2012.08.17 07:22:37.554,1.52928,1.52963,1.73,1.50
2012.08.17 07:22:37.617,1.52935,1.52966,1.50,1.50
2012.08.17 07:22:38.707,1.52935,1.52963,1.50,1.73
2012.08.17 07:22:38.967,1.52935,1.52963,1.50,2.21
2012.08.17 07:22:39.087,1.52935,1.52963,1.73,1.50
2012.08.17 07:22:39.206,1.52935,1.52969,1.73,1.50
2012.08.17 07:22:39.268,1.52942,1.5297,1.50,1.50
2012.08.17 07:22:39.435,1.52942,1.52969,1.50,1.50
2012.08.17 07:22:39.783,1.52935,1.52963,1.50,1.50
2012.08.17 07:22:40.013,1.52937,1.52963,1.50,1.50
2012.08.17 07:22:40.132,1.52941,1.5297,1.50,1.50
2012.08.17 07:22:41.494,1.52947,1.52973,1.50,1.99
2012.08.17 07:22:42.625,1.5294,1.52971,1.50,1.50
2012.08.17 07:22:42.941,1.5294,1.52969,1.50,1.50
2012.08.17 07:22:44.322,1.5294,1.52971,1.50,1.50
2012.08.17 07:22:45.640,1.5294,1.52969,1.50,1.50
2012.08.17 07:22:45.983,1.52931,1.52959,1.73,1.50
2012.08.17 07:22:46.046,1.52931,1.52959,1.50,1.50
2012.08.17 07:22:46.755,1.52931,1.52962,1.50,1.24
2012.08.17 07:22:46.818,1.52935,1.52963,1.50,1.99
2012.08.17 07:22:48.501,1.52935,1.52966,1.50,1.73
2012.08.17 07:22:49.653,1.52938,1.52964,1.50,1.50
2012.08.17 07:22:49.727,1.52942,1.52971,1.50,1.50
2012.08.17 07:22:50.251,1.52951,1.52979,1.50,1.50
2012.08.17 07:22:51.275,1.52947,1.52979,1.73,1.50
2012.08.17 07:22:51.808,1.52946,1.52974,1.50,1.99
2012.08.17 07:22:52.037,1.52945,1.52974,1.50,1.99
2012.08.17 07:22:52.547,1.52944,1.52973,1.50,1.50
2012.08.17 07:22:59.265,1.52944,1.52972,1.50,1.35
2012.08.17 07:22:59.575,1.52931,1.5296,1.50,1.50
2012.08.17 07:22:59.987,1.52936,1.52963,1.50,1.50
2012.08.17 07:23:01.283,1.52934,1.52973,1.73,1.50
2012.08.17 07:23:01.346,1.52947,1.52977,1.50,1.24
2012.08.17 07:23:01.634,1.52941,1.52974,1.50,1.50
2012.08.17 07:23:02.704,1.52941,1.52974,1.50,1.50
2012.08.17 07:23:02.938,1.52941,1.52974,1.50,1.50
2012.08.17 07:23:03.227,1.52933,1.52974,1.73,1.24
2012.08.17 07:23:03.290,1.52933,1.52974,1.73,1.24
2012.08.17 07:23:03.466,1.52935,1.52977,1.02,1.73
2012.08.17 07:23:03.586,1.52936,1.52974,1.02,1.50
2012.08.17 07:23:03.933,1.52943,1.52965,1.73,1.24
2012.08.17 07:23:04.109,1.52936,1.52963,1.50,2.21
2012.08.17 07:23:04.173,1.52936,1.52961,1.50,1.46
2012.08.17 07:23:04.238,1.52933,1.52961,1.73,1.24
2012.08.17 07:23:04.359,1.52933,1.52964,1.73,1.50
2012.08.17 07:23:04.479,1.52937,1.52965,1.50,1.50
2012.08.17 07:23:04.599,1.52942,1.5297,1.50,1.50
2012.08.17 07:23:04.663,1.52942,1.5297,1.50,1.50
2012.08.17 07:23:04.784,1.52942,1.5297,1.50,1.50
2012.08.17 07:23:05.527,1.52936,1.52969,1.50,1.50
2012.08.17 07:23:05.591,1.52936,1.52965,1.50,1.50
2012.08.17 07:23:05.708,1.52936,1.52964,1.50,1.50
2012.08.17 07:23:08.756,1.52936,1.52964,1.50,1.50
2012.08.17 07:23:09.858,1.52937,1.52964,1.50,1.50
2012.08.17 07:23:10.294,1.52941,1.52967,1.50,1.50
2012.08.17 07:23:12.724,1.52941,1.52967,1.50,1.50
2012.08.17 07:23:14.444,1.52932,1.5296,1.50,1.50
2012.08.17 07:23:17.070,1.52932,1.52963,1.50,1.50
2012.08.17 07:23:17.245,1.52932,1.5296,1.50,1.50
2012.08.17 07:23:17.363,1.52932,1.52963,1.50,1.50
2012.08.17 07:23:17.593,1.52932,1.5296,1.50,1.50
2012.08.17 07:23:18.443,1.52932,1.52963,1.50,2.25
2012.08.17 07:23:18.915,1.52932,1.5296,1.50,1.50
2012.08.17 07:23:18.990,1.52937,1.52965,1.50,1.73
2012.08.17 07:23:19.055,1.52937,1.52965,1.50,1.50
2012.08.17 07:23:19.289,1.52941,1.52966,1.50,1.50
2012.08.17 07:23:19.634,1.52941,1.52969,1.50,1.50
2012.08.17 07:23:19.697,1.52941,1.52968,1.50,1.50
2012.08.17 07:23:20.244,1.52941,1.52969,1.50,1.50
2012.08.17 07:23:20.474,1.52941,1.52967,1.50,1.24
2012.08.17 07:23:20.704,1.52936,1.52963,1.50,1.50
2012.08.17 07:23:21.333,1.52937,1.52964,1.50,1.50
2012.08.17 07:23:21.879,1.5294,1.52968,1.50,1.50
2012.08.17 07:23:22.419,1.5294,1.52969,1.50,1.50
2012.08.17 07:23:22.481,1.52941,1.5297,1.50,1.24
2012.08.17 07:23:22.545,1.52945,1.52973,1.50,1.24
2012.08.17 07:23:22.872,1.52946,1.52973,1.50,1.24
2012.08.17 07:23:23.058,1.52951,1.52976,1.50,1.24
2012.08.17 07:23:23.257,1.52947,1.52975,1.50,1.50
2012.08.17 07:23:23.558,1.52949,1.52973,1.50,1.50
2012.08.17 07:23:24.018,1.52952,1.52977,1.50,1.24
2012.08.17 07:23:24.963,1.52946,1.52976,1.50,1.73
2012.08.17 07:23:25.257,1.52946,1.52974,1.50,1.50
2012.08.17 07:23:25.489,1.52938,1.52966,1.50,1.50
2012.08.17 07:23:27.691,1.52938,1.52969,1.50,1.50
2012.08.17 07:23:27.761,1.52946,1.52974,1.50,1.50
2012.08.17 07:23:28.067,1.52946,1.52974,1.50,1.50
2012.08.17 07:23:29.745,1.52946,1.52974,1.50,1.50
2012.08.17 07:23:30.481,1.52942,1.52973,1.50,1.50
2012.08.17 07:23:30.543,1.52942,1.5297,1.50,1.50
2012.08.17 07:23:33.152,1.52942,1.52969,1.50,1.50
2012.08.17 07:23:33.270,1.52942,1.5297,1.50,1.50
2012.08.17 07:23:33.820,1.52943,1.52974,1.50,1.73
2012.08.17 07:23:33.883,1.52946,1.52974,1.50,1.73
2012.08.17 07:23:34.002,1.52948,1.52974,1.50,1.73
2012.08.17 07:23:34.309,1.52952,1.52979,1.50,1.46
2012.08.17 07:23:35.032,1.52949,1.52975,1.50,1.73
2012.08.17 07:23:35.152,1.52949,1.52975,1.50,1.73
2012.08.17 07:23:35.384,1.52948,1.52975,1.50,1.73
2012.08.17 07:23:35.448,1.52948,1.52976,1.50,1.50
2012.08.17 07:23:35.569,1.52949,1.52976,1.50,1.50
2012.08.17 07:23:35.632,1.52947,1.52976,1.50,1.50
2012.08.17 07:23:35.695,1.52947,1.52978,1.50,1.50
2012.08.17 07:23:37.408,1.52938,1.52974,1.73,1.50
2012.08.17 07:23:37.793,1.52936,1.52964,1.73,2.25
2012.08.17 07:23:37.863,1.52936,1.52962,1.50,1.50
2012.08.17 07:23:37.985,1.52937,1.52964,1.50,1.99
2012.08.17 07:23:38.106,1.52937,1.52964,1.50,2.21
2012.08.17 07:23:38.319,1.52937,1.52964,1.50,1.73
2012.08.17 07:23:38.930,1.52933,1.52964,1.50,1.73
2012.08.17 07:23:38.992,1.52932,1.52961,1.50,1.73
2012.08.17 07:23:39.334,1.52932,1.52961,1.50,1.73
2012.08.17 07:23:39.710,1.52932,1.5296,1.50,1.73
2012.08.17 07:23:40.111,1.52932,1.52955,1.50,1.46
2012.08.17 07:23:40.731,1.52926,1.52961,1.50,1.73
2012.08.17 07:23:40.798,1.52925,1.52954,1.50,1.50
2012.08.17 07:23:40.863,1.52933,1.52961,1.50,1.50
2012.08.17 07:23:41.208,1.52927,1.52956,1.50,1.73
2012.08.17 07:23:41.877,1.52927,1.5296,1.50,1.73
2012.08.17 07:23:42.224,1.52934,1.5297,1.50,1.73
2012.08.17 07:23:42.289,1.52934,1.5297,1.50,1.50
2012.08.17 07:23:42.351,1.52939,1.5297,1.50,1.50
2012.08.17 07:23:42.417,1.52939,1.52972,1.50,1.50
2012.08.17 07:23:42.750,1.52945,1.52973,1.50,1.73
2012.08.17 07:23:43.113,1.52938,1.52969,1.50,2.21
2012.08.17 07:23:43.178,1.52932,1.52963,1.50,1.50
2012.08.17 07:23:43.623,1.52935,1.52967,1.50,1.50
2012.08.17 07:23:43.696,1.52937,1.52965,1.50,1.50
2012.08.17 07:23:43.818,1.52937,1.52965,1.50,1.73
2012.08.17 07:23:44.331,1.52938,1.52964,1.50,1.73
2012.08.17 07:23:44.394,1.52938,1.52964,1.50,1.50
2012.08.17 07:23:44.740,1.52938,1.52964,1.50,1.73
2012.08.17 07:23:44.971,1.52938,1.52964,1.50,1.50
2012.08.17 07:23:45.369,1.52938,1.52964,1.50,1.73
2012.08.17 07:23:45.433,1.52931,1.52966,1.50,1.73
2012.08.17 07:23:45.495,1.5293,1.52958,1.50,1.50
2012.08.17 07:23:45.558,1.5293,1.52957,1.50,1.50
2012.08.17 07:23:46.131,1.5293,1.52958,1.50,1.73
2012.08.17 07:23:46.254,1.52934,1.52963,1.50,2.48
2012.08.17 07:23:48.453,1.52934,1.52963,1.50,2.25
2012.08.17 07:23:48.517,1.52934,1.52963,1.50,1.50
2012.08.17 07:23:50.470,1.5294,1.52969,1.50,1.73
2012.08.17 07:23:52.056,1.52942,1.52973,1.50,1.73
2012.08.17 07:23:52.399,1.52944,1.52973,1.50,1.73
2012.08.17 07:23:52.841,1.5294,1.52972,1.50,1.50
2012.08.17 07:23:53.186,1.5294,1.52968,1.50,1.50
2012.08.17 07:23:53.891,1.5294,1.52969,1.50,1.73
2012.08.17 07:23:54.394,1.5294,1.52968,1.50,1.50
2012.08.17 07:23:54.803,1.5294,1.52969,1.50,1.50
2012.08.17 07:23:56.072,1.52944,1.52974,1.50,2.48
2012.08.17 07:23:56.649,1.52944,1.52974,1.50,2.25
2012.08.17 07:23:59.100,1.52944,1.52974,1.50,2.48
2012.08.17 07:23:59.486,1.52944,1.52972,1.50,1.73
2012.08.17 07:23:59.793,1.52939,1.52967,1.50,1.50
2012.08.17 07:24:02.675,1.52939,1.52968,1.50,1.50
2012.08.17 07:24:03.015,1.52939,1.52967,1.50,1.50
2012.08.17 07:24:05.685,1.52939,1.52968,1.50,1.50
2012.08.17 07:24:06.189,1.52933,1.52962,1.50,1.73
2012.08.17 07:24:08.562,1.52933,1.52963,1.50,1.50
2012.08.17 07:24:09.078,1.52938,1.52967,1.50,1.50
2012.08.17 07:24:09.787,1.52944,1.52974,1.50,1.50
2012.08.17 07:24:10.280,1.5294,1.52968,1.50,1.50
2012.08.17 07:24:11.168,1.52942,1.52974,1.50,2.25
2012.08.17 07:24:11.231,1.52945,1.52974,1.50,2.25
2012.08.17 07:24:11.882,1.52945,1.52973,1.50,1.50
2012.08.17 07:24:11.944,1.52945,1.52974,1.50,2.25
2012.08.17 07:24:12.065,1.52945,1.52973,1.50,1.24
2012.08.17 07:24:12.241,1.52945,1.52974,1.50,2.96
2012.08.17 07:24:12.755,1.52942,1.52973,1.50,1.50
2012.08.17 07:24:12.819,1.52941,1.5297,1.50,1.50
2012.08.17 07:24:12.995,1.52941,1.52969,1.50,1.50
2012.08.17 07:24:13.626,1.52935,1.52963,1.50,2.25
2012.08.17 07:24:13.696,1.52928,1.52958,1.50,1.24
2012.08.17 07:24:14.238,1.52927,1.52955,1.50,1.50
2012.08.17 07:24:15.476,1.52927,1.52962,1.50,1.24
2012.08.17 07:24:15.539,1.52935,1.52963,1.50,1.24
2012.08.17 07:24:15.718,1.52931,1.52961,1.50,1.50
2012.08.17 07:24:17.484,1.52934,1.52963,1.50,1.50
2012.08.17 07:24:17.548,1.52936,1.52963,1.50,1.50
2012.08.17 07:24:18.215,1.52932,1.5296,1.50,1.50
2012.08.17 07:24:18.700,1.52932,1.52959,1.50,1.99
2012.08.17 07:24:18.990,1.52925,1.52954,1.50,1.50
2012.08.17 07:24:19.732,1.52925,1.52957,1.50,1.50
2012.08.17 07:24:20.188,1.52929,1.5296,1.50,1.50
2012.08.17 07:24:21.660,1.52929,1.52963,1.50,1.50
2012.08.17 07:24:21.722,1.52936,1.52966,1.50,1.99
2012.08.17 07:24:23.307,1.52934,1.52963,1.50,1.50
2012.08.17 07:24:27.105,1.52937,1.5297,1.50,1.24
2012.08.17 07:24:27.243,1.52943,1.52972,1.50,1.50
2012.08.17 07:24:30.501,1.52939,1.5297,1.50,1.50
2012.08.17 07:24:30.565,1.52939,1.52967,1.50,1.50
2012.08.17 07:24:30.684,1.52939,1.52973,1.50,1.73
2012.08.17 07:24:31.321,1.52944,1.52974,1.50,1.50
2012.08.17 07:24:31.443,1.52939,1.52973,1.50,1.50
2012.08.17 07:24:31.505,1.52939,1.52969,1.50,1.50
2012.08.17 07:24:36.786,1.52934,1.52965,1.50,1.50
2012.08.17 07:24:37.292,1.52934,1.52964,1.50,1.73
2012.08.17 07:24:37.356,1.5293,1.52959,1.50,1.50
2012.08.17 07:24:57.186,1.52928,1.52958,1.50,1.50
2012.08.17 07:24:57.259,1.52928,1.52957,1.50,1.50
2012.08.17 07:24:59.952,1.52925,1.52957,1.50,1.73
2012.08.17 07:25:00.239,1.52924,1.52952,1.50,1.50
2012.08.17 07:25:03.887,1.52925,1.52958,1.50,1.73
2012.08.17 07:25:03.948,1.5293,1.52958,1.50,1.73
2012.08.17 07:25:12.764,1.5293,1.52961,1.50,1.73
2012.08.17 07:25:14.710,1.52934,1.52963,1.50,1.73
2012.08.17 07:25:16.140,1.52934,1.52963,1.50,2.48
2012.08.17 07:25:16.724,1.52934,1.52963,1.50,2.48
2012.08.17 07:25:17.071,1.52932,1.52963,1.50,1.50
2012.08.17 07:25:17.192,1.52932,1.52966,1.50,1.50
2012.08.17 07:25:17.259,1.52939,1.52967,1.50,1.73
2012.08.17 07:25:17.527,1.52939,1.52966,1.50,1.24
2012.08.17 07:25:17.731,1.52932,1.52963,1.50,1.73
2012.08.17 07:25:17.794,1.52934,1.52964,1.50,1.50
2012.08.17 07:25:17.856,1.52934,1.52964,1.50,1.50
2012.08.17 07:25:18.053,1.52941,1.52969,1.50,1.50
2012.08.17 07:25:18.399,1.52935,1.52966,1.50,1.46
2012.08.17 07:25:18.463,1.52933,1.52963,1.50,1.50
2012.08.17 07:25:18.805,1.52939,1.5297,1.50,1.73
2012.08.17 07:25:19.447,1.52936,1.52968,1.50,1.46
2012.08.17 07:25:19.910,1.52932,1.52963,1.50,1.73
2012.08.17 07:25:21.800,1.52932,1.52963,1.50,1.50
2012.08.17 07:25:21.920,1.52934,1.52968,1.50,1.50
2012.08.17 07:25:21.982,1.5294,1.52968,1.50,1.50
2012.08.17 07:25:23.005,1.5294,1.52968,1.50,1.73
2012.08.17 07:25:23.916,1.52935,1.52963,1.50,1.73
2012.08.17 07:25:24.172,1.52939,1.52968,1.50,1.50
2012.08.17 07:25:24.474,1.52939,1.52971,1.50,1.50
2012.08.17 07:25:24.962,1.52944,1.52974,1.50,1.50
2012.08.17 07:25:25.998,1.5294,1.52971,1.50,1.50
2012.08.17 07:25:26.061,1.5294,1.52968,1.50,1.50
2012.08.17 07:25:26.124,1.52941,1.52973,1.50,1.73
2012.08.17 07:25:26.561,1.52943,1.52973,1.50,1.73
2012.08.17 07:25:27.092,1.52943,1.52974,1.50,1.73
2012.08.17 07:25:31.548,1.52943,1.52973,1.50,1.73
2012.08.17 07:25:34.017,1.52943,1.52973,1.50,1.73
2012.08.17 07:25:36.496,1.52943,1.52974,1.50,1.73
2012.08.17 07:25:36.618,1.52954,1.52982,1.50,1.28
2012.08.17 07:25:36.681,1.52954,1.52982,1.50,1.28
2012.08.17 07:25:37.194,1.52954,1.52984,1.50,2.48
2012.08.17 07:25:40.397,1.5295,1.52982,1.50,1.73
2012.08.17 07:25:40.459,1.5295,1.52979,1.50,1.50
2012.08.17 07:25:41.722,1.5295,1.52982,1.50,1.73
2012.08.17 07:25:41.966,1.5295,1.52979,1.50,1.73
2012.08.17 07:25:44.171,1.5295,1.52976,1.50,1.50
2012.08.17 07:25:44.513,1.52946,1.52974,1.50,1.73
2012.08.17 07:25:44.857,1.5295,1.52983,1.50,1.73
2012.08.17 07:25:44.918,1.5295,1.52983,1.50,1.73
2012.08.17 07:25:45.092,1.52956,1.52984,1.50,2.21
2012.08.17 07:25:46.100,1.52956,1.52985,1.50,2.21
2012.08.17 07:25:46.525,1.52952,1.5298,1.50,1.73
2012.08.17 07:25:46.813,1.52945,1.52976,1.50,1.50
2012.08.17 07:25:47.629,1.52947,1.5298,1.50,1.73
2012.08.17 07:25:47.746,1.52952,1.5298,1.50,1.73
2012.08.17 07:25:52.196,1.52952,1.52979,1.50,1.50
2012.08.17 07:25:52.536,1.52952,1.5298,1.50,1.50
2012.08.17 07:25:52.838,1.52952,1.52979,1.50,1.73
2012.08.17 07:25:53.143,1.52952,1.5298,1.50,1.73
2012.08.17 07:25:55.688,1.52952,1.52983,1.50,1.50
2012.08.17 07:25:55.751,1.52956,1.52984,1.50,1.50
2012.08.17 07:25:56.269,1.52952,1.52984,1.50,1.50
2012.08.17 07:25:56.613,1.52951,1.5298,1.50,1.50
2012.08.17 07:25:56.779,1.52948,1.5298,1.50,1.50
2012.08.17 07:25:56.842,1.52945,1.52975,1.50,1.50
2012.08.17 07:25:58.552,1.5295,1.5298,1.50,1.50
2012.08.17 07:26:05.689,1.52946,1.52975,1.50,1.50
2012.08.17 07:26:06.043,1.52946,1.52977,1.50,1.50
2012.08.17 07:26:06.470,1.52951,1.52979,1.50,1.50
2012.08.17 07:26:11.580,1.52951,1.5298,1.50,1.50
2012.08.17 07:26:12.958,1.52952,1.52984,1.50,1.50
2012.08.17 07:26:13.038,1.52957,1.52984,1.50,1.50
2012.08.17 07:26:13.999,1.52956,1.52985,1.50,2.21
2012.08.17 07:26:14.061,1.52956,1.52984,1.50,1.46
2012.08.17 07:26:14.326,1.52956,1.52984,1.50,1.50
2012.08.17 07:26:14.904,1.52956,1.52984,1.50,1.99
2012.08.17 07:26:15.600,1.52956,1.52984,1.50,1.99
2012.08.17 07:26:16.688,1.52956,1.52984,1.50,1.50
2012.08.17 07:26:18.573,1.52956,1.52984,1.50,1.99
2012.08.17 07:26:18.938,1.52955,1.52979,1.50,1.46
2012.08.17 07:26:19.171,1.52947,1.52974,1.50,1.50
2012.08.17 07:26:19.694,1.52947,1.52972,1.50,1.09
2012.08.17 07:26:19.813,1.52947,1.52971,1.50,1.01
2012.08.17 07:26:19.992,1.52946,1.5297,1.50,1.28
2012.08.17 07:26:20.544,1.52948,1.52979,1.50,1.50
2012.08.17 07:26:20.664,1.52948,1.52977,1.50,1.50
2012.08.17 07:26:20.897,1.52944,1.52973,1.50,1.50
2012.08.17 07:26:21.072,1.52944,1.52978,1.50,1.99
2012.08.17 07:26:21.137,1.5295,1.52978,1.50,1.24
2012.08.17 07:26:21.269,1.52944,1.52975,1.50,1.24
2012.08.17 07:26:21.331,1.52943,1.52972,1.50,1.50
2012.08.17 07:26:24.315,1.52943,1.52971,1.50,1.24
2012.08.17 07:26:24.971,1.52936,1.52964,1.50,1.50
2012.08.17 07:26:25.852,1.52942,1.52973,1.50,2.25
2012.08.17 07:26:26.441,1.52942,1.52975,1.73,1.50
2012.08.17 07:26:26.561,1.52948,1.52978,1.50,1.50
