2015.10.14 02:00:00.012,1.70912,1.70966,1.12,1.00
2015.10.14 02:00:00.113,1.70914,1.70977,1.75,1.00
2015.10.14 02:00:00.668,1.70916,1.70967,1.75,1.00
2015.10.14 02:00:00.886,1.70912,1.70976,1.12,1.00
2015.10.14 02:00:01.125,1.70912,1.70966,1.12,1.00
2015.10.14 02:00:01.176,1.70914,1.70976,1.75,1.00
2015.10.14 02:00:01.226,1.70921,1.70976,1.12,1.00
2015.10.14 02:00:01.638,1.70922,1.70986,1.75,1.50
2015.10.14 02:00:01.688,1.70922,1.70981,1.00,1.12
2015.10.14 02:00:01.737,1.70917,1.70981,1.12,1.12
2015.10.14 02:00:02.070,1.70912,1.70967,1.75,1.00
2015.10.14 02:00:08.009,1.70914,1.70976,1.75,1.37
2015.10.14 02:00:11.644,1.70916,1.70967,1.37,1.00
2015.10.14 02:00:11.745,1.7091,1.70967,1.00,1.00
2015.10.14 02:00:11.948,1.70913,1.70966,1.00,1.00
2015.10.14 02:00:12.205,1.7091,1.70966,1.00,1.00
2015.10.14 02:00:12.408,1.7091,1.70966,1.00,1.37
2015.10.14 02:00:12.543,1.70907,1.70961,1.00,1.00
2015.10.14 02:00:14.508,1.70904,1.70961,1.00,1.00
2015.10.14 02:00:15.015,1.70903,1.70961,1.50,1.00
2015.10.14 02:00:17.466,1.70909,1.70961,1.00,1.00
2015.10.14 02:00:18.683,1.70905,1.70961,1.00,1.00
2015.10.14 02:00:19.893,1.70904,1.70961,1.00,1.00
2015.10.14 02:00:20.095,1.70902,1.70961,1.00,1.00
2015.10.14 02:00:20.246,1.70898,1.70961,1.87,1.12
2015.10.14 02:00:20.347,1.70899,1.70954,1.00,1.00
2015.10.14 02:00:20.549,1.70894,1.70954,1.50,1.00
2015.10.14 02:00:20.730,1.70894,1.70954,1.87,1.12
2015.10.14 02:00:20.831,1.70892,1.70948,1.00,1.12
2015.10.14 02:00:21.127,1.70889,1.70942,1.00,1.12
2015.10.14 02:00:21.228,1.70884,1.70936,1.50,1.87
2015.10.14 02:00:21.431,1.70867,1.70933,1.50,1.87
2015.10.14 02:00:21.533,1.70867,1.70927,1.37,1.12
2015.10.14 02:00:21.634,1.70863,1.70923,1.50,1.12
2015.10.14 02:00:21.735,1.7086,1.70923,1.00,1.12
2015.10.14 02:00:21.889,1.70862,1.70923,1.00,1.12
2015.10.14 02:00:22.229,1.70853,1.70913,1.00,1.12
2015.10.14 02:00:25.737,1.70851,1.70913,1.00,1.12
2015.10.14 02:00:26.269,1.70849,1.70913,1.12,1.12
2015.10.14 02:00:26.320,1.70849,1.70904,1.12,1.00
2015.10.14 02:00:26.646,1.70831,1.70896,1.75,1.37
2015.10.14 02:00:26.697,1.70831,1.70895,1.12,1.12
2015.10.14 02:00:28.261,1.70838,1.70895,1.00,1.12
2015.10.14 02:00:28.564,1.70845,1.70902,1.00,2.25
2015.10.14 02:00:29.069,1.70846,1.70905,1.00,1.75
2015.10.14 02:00:29.221,1.70855,1.70907,1.00,1.12
2015.10.14 02:00:29.756,1.70855,1.70911,1.00,1.00
2015.10.14 02:00:29.959,1.70855,1.7092,1.37,1.12
2015.10.14 02:00:30.060,1.70857,1.7092,1.75,1.50
2015.10.14 02:00:30.212,1.70855,1.70911,1.75,1.00
2015.10.14 02:00:30.313,1.70855,1.70923,1.75,1.75
2015.10.14 02:00:32.303,1.70855,1.70917,1.75,1.00
2015.10.14 02:00:32.853,1.70855,1.70923,1.75,1.75
2015.10.14 02:00:35.384,1.70855,1.70917,1.75,1.00
2015.10.14 02:00:36.177,1.70861,1.70917,1.37,1.00
2015.10.14 02:00:36.278,1.70861,1.70927,1.75,1.50
2015.10.14 02:00:36.380,1.70868,1.70926,1.50,1.12
2015.10.14 02:00:36.642,1.70877,1.70942,1.12,1.50
2015.10.14 02:00:36.693,1.70885,1.70947,1.00,1.87
2015.10.14 02:00:37.027,1.70888,1.70946,1.75,1.00
2015.10.14 02:00:37.549,1.70885,1.70947,1.75,1.00
2015.10.14 02:00:39.503,1.70884,1.70946,1.12,1.00
2015.10.14 02:00:40.365,1.70885,1.70954,1.75,1.12
2015.10.14 02:00:40.882,1.7089,1.70956,1.12,1.87
2015.10.14 02:00:40.983,1.70896,1.70956,1.00,1.50
2015.10.14 02:00:45.206,1.70897,1.70956,1.00,1.50
2015.10.14 02:00:45.431,1.709,1.70956,1.00,1.50
2015.10.14 02:00:49.596,1.70899,1.70956,1.00,1.50
2015.10.14 02:00:52.972,1.70898,1.70956,1.00,1.50
2015.10.14 02:00:53.969,1.70896,1.70956,1.00,1.00
2015.10.14 02:00:54.121,1.70892,1.70952,1.37,1.75
2015.10.14 02:00:54.171,1.70892,1.70947,1.00,1.12
2015.10.14 02:00:54.222,1.70886,1.70946,1.00,1.75
2015.10.14 02:00:55.932,1.70886,1.70946,1.37,1.37
2015.10.14 02:00:55.983,1.70889,1.70946,1.00,1.00
2015.10.14 02:00:56.255,1.70882,1.70941,1.00,1.00
2015.10.14 02:00:56.885,1.70883,1.70941,1.00,1.00
2015.10.14 02:00:57.836,1.70884,1.70941,1.00,1.00
2015.10.14 02:01:00.373,1.70886,1.70941,1.00,1.00
2015.10.14 02:01:00.698,1.70889,1.70941,1.00,1.00
2015.10.14 02:01:01.212,1.7089,1.70941,1.00,1.00
2015.10.14 02:01:01.401,1.7089,1.70947,1.12,1.00
2015.10.14 02:01:03.559,1.70892,1.70947,1.00,1.00
2015.10.14 02:01:04.663,1.70892,1.70956,1.00,1.87
2015.10.14 02:01:04.865,1.70894,1.70956,1.00,1.87
2015.10.14 02:01:05.495,1.70895,1.70956,1.00,1.12
2015.10.14 02:01:08.812,1.70894,1.70956,1.00,1.12
2015.10.14 02:01:10.681,1.70895,1.70956,1.00,1.12
2015.10.14 02:01:13.101,1.70894,1.70956,1.00,1.12
2015.10.14 02:01:13.403,1.70894,1.70947,1.00,1.00
2015.10.14 02:01:15.895,1.70893,1.70956,1.00,1.12
2015.10.14 02:01:16.334,1.70892,1.70946,1.00,1.00
2015.10.14 02:01:18.509,1.70891,1.70946,1.00,1.00
2015.10.14 02:01:19.276,1.70894,1.70946,1.37,1.00
2015.10.14 02:01:21.173,1.70894,1.70957,1.37,1.75
2015.10.14 02:01:23.590,1.70893,1.70947,1.50,1.00
2015.10.14 02:01:29.152,1.7089,1.70947,1.37,1.37
2015.10.14 02:01:29.254,1.70886,1.70947,1.50,1.75
2015.10.14 02:01:29.356,1.70878,1.70945,1.87,1.12
2015.10.14 02:01:29.458,1.70877,1.70943,1.87,1.12
2015.10.14 02:01:29.509,1.70875,1.70926,1.75,1.00
2015.10.14 02:01:29.661,1.70866,1.70926,1.12,1.50
2015.10.14 02:01:33.562,1.70869,1.70926,1.00,1.50
2015.10.14 02:01:34.656,1.70869,1.70936,1.50,3.00
2015.10.14 02:01:34.758,1.70871,1.70936,1.12,2.62
2015.10.14 02:01:36.338,1.70881,1.70941,1.00,1.12
2015.10.14 02:01:36.642,1.70892,1.70956,1.12,1.12
2015.10.14 02:01:43.473,1.7089,1.70956,1.75,1.87
2015.10.14 02:01:43.574,1.70895,1.70956,1.12,1.00
2015.10.14 02:01:43.731,1.709,1.70965,1.37,1.12
2015.10.14 02:01:43.781,1.70901,1.70966,1.12,1.75
2015.10.14 02:01:43.883,1.70908,1.70966,1.12,1.00
2015.10.14 02:01:44.104,1.70911,1.70977,1.75,1.75
2015.10.14 02:01:44.357,1.70908,1.70967,1.12,1.00
2015.10.14 02:01:46.805,1.70903,1.70966,1.75,1.37
2015.10.14 02:01:47.719,1.70898,1.70965,1.87,1.12
2015.10.14 02:01:47.769,1.70898,1.70958,1.50,1.00
2015.10.14 02:01:48.072,1.70894,1.70958,1.37,1.12
2015.10.14 02:01:48.123,1.70891,1.7095,1.00,1.00
2015.10.14 02:01:48.425,1.70891,1.70947,1.00,1.00
2015.10.14 02:01:49.317,1.70891,1.70946,1.00,1.00
2015.10.14 02:01:50.219,1.70891,1.70946,1.12,1.00
2015.10.14 02:01:50.761,1.70897,1.70946,1.12,1.00
2015.10.14 02:01:52.516,1.70897,1.70957,1.12,1.00
2015.10.14 02:01:53.019,1.70897,1.70956,1.12,1.00
2015.10.14 02:01:56.195,1.70902,1.70956,1.12,1.00
2015.10.14 02:01:56.710,1.70904,1.70956,1.12,1.00
2015.10.14 02:01:57.335,1.70904,1.70965,1.12,1.00
2015.10.14 02:01:57.436,1.70904,1.70967,1.87,1.00
2015.10.14 02:01:57.537,1.7091,1.70966,1.12,1.00
2015.10.14 02:01:57.786,1.70917,1.7097,1.00,1.00
2015.10.14 02:01:58.310,1.70917,1.70972,1.00,1.00
2015.10.14 02:01:58.518,1.70908,1.70972,1.87,1.37
2015.10.14 02:01:58.619,1.70908,1.70972,1.50,1.75
2015.10.14 02:02:03.604,1.70906,1.70966,1.75,1.00
2015.10.14 02:02:04.064,1.70906,1.7097,1.75,1.50
2015.10.14 02:02:09.232,1.70914,1.70972,1.00,1.75
2015.10.14 02:02:09.665,1.7091,1.70974,1.12,1.87
2015.10.14 02:02:11.113,1.70914,1.70974,1.00,1.87
2015.10.14 02:02:11.577,1.70907,1.70974,1.75,1.87
2015.10.14 02:02:12.576,1.70911,1.70974,1.00,1.12
2015.10.14 02:02:12.627,1.70913,1.70974,1.00,1.12
2015.10.14 02:02:12.728,1.70908,1.70974,2.25,1.12
2015.10.14 02:02:13.825,1.70909,1.7097,1.00,1.12
2015.10.14 02:02:14.326,1.7091,1.7097,1.00,1.12
2015.10.14 02:02:15.113,1.70911,1.7097,1.00,1.12
2015.10.14 02:02:15.614,1.7091,1.7097,1.00,1.12
2015.10.14 02:02:15.931,1.70907,1.7097,1.00,1.12
2015.10.14 02:02:16.285,1.70902,1.70956,1.75,1.00
2015.10.14 02:02:17.764,1.70895,1.70956,2.25,1.12
2015.10.14 02:02:18.022,1.70895,1.70953,2.25,1.00
2015.10.14 02:02:19.217,1.70894,1.70951,1.75,1.00
2015.10.14 02:02:19.469,1.70894,1.70954,1.75,1.00
2015.10.14 02:02:20.153,1.70892,1.70956,1.87,1.12
2015.10.14 02:02:20.356,1.70888,1.70951,1.00,1.12
2015.10.14 02:02:20.711,1.70883,1.70936,1.87,1.00
2015.10.14 02:02:21.255,1.70883,1.70937,1.87,1.00
2015.10.14 02:02:21.357,1.70883,1.70942,1.12,1.00
2015.10.14 02:02:21.458,1.70883,1.70937,1.12,1.00
2015.10.14 02:02:21.950,1.70879,1.70936,1.37,1.00
2015.10.14 02:02:22.541,1.70879,1.70937,1.37,1.00
2015.10.14 02:02:22.735,1.70879,1.70937,1.00,1.00
2015.10.14 02:02:23.089,1.70887,1.70937,1.00,1.00
2015.10.14 02:02:23.190,1.70887,1.70946,2.25,1.00
2015.10.14 02:02:23.342,1.70896,1.70946,1.00,1.00
2015.10.14 02:02:23.444,1.70896,1.70954,1.00,1.00
2015.10.14 02:02:23.545,1.70896,1.70956,1.00,1.00
2015.10.14 02:02:23.646,1.70896,1.70946,1.00,1.00
2015.10.14 02:02:24.088,1.70896,1.70955,1.00,1.00
2015.10.14 02:02:24.442,1.70897,1.70956,1.50,1.12
2015.10.14 02:02:24.543,1.70903,1.70962,1.00,1.00
2015.10.14 02:02:24.752,1.70906,1.70963,1.50,1.00
2015.10.14 02:02:25.055,1.70912,1.70966,1.75,1.00
2015.10.14 02:02:25.293,1.70914,1.70976,1.12,1.75
2015.10.14 02:02:25.883,1.70912,1.70966,3.00,1.00
2015.10.14 02:02:26.085,1.70913,1.70976,1.50,2.25
2015.10.14 02:02:26.186,1.70915,1.70976,1.12,1.50
2015.10.14 02:02:26.692,1.70915,1.70977,1.87,1.00
2015.10.14 02:02:26.995,1.70915,1.70967,2.62,1.00
2015.10.14 02:02:27.096,1.70915,1.70976,2.62,1.00
2015.10.14 02:02:27.298,1.70915,1.70967,2.62,1.00
2015.10.14 02:02:28.372,1.70918,1.70977,1.75,1.00
2015.10.14 02:02:32.816,1.70916,1.70966,1.75,1.00
2015.10.14 02:02:33.540,1.70916,1.70976,1.75,1.00
2015.10.14 02:02:37.079,1.70915,1.70967,1.12,1.00
2015.10.14 02:02:46.523,1.7091,1.70967,2.25,1.00
2015.10.14 02:02:47.056,1.70909,1.70966,1.12,1.00
2015.10.14 02:02:47.409,1.70905,1.70966,1.75,1.50
2015.10.14 02:02:53.883,1.70902,1.70963,1.75,1.00
2015.10.14 02:02:54.210,1.70901,1.70957,1.12,1.50
2015.10.14 02:02:54.362,1.70894,1.70957,1.75,2.25
2015.10.14 02:02:55.302,1.70891,1.70952,1.12,1.00
2015.10.14 02:02:55.634,1.70891,1.70956,1.12,1.87
2015.10.14 02:02:55.908,1.70887,1.70955,1.75,1.12
2015.10.14 02:02:55.959,1.70887,1.70951,1.12,1.12
2015.10.14 02:02:56.313,1.70882,1.70937,1.75,1.00
2015.10.14 02:02:56.818,1.70882,1.70936,1.75,1.00
2015.10.14 02:02:57.777,1.70883,1.70946,1.75,1.50
2015.10.14 02:03:06.358,1.70881,1.70937,1.12,1.00
2015.10.14 02:03:07.278,1.70878,1.70937,1.00,1.50
2015.10.14 02:03:07.736,1.70878,1.70931,1.00,1.00
2015.10.14 02:03:09.051,1.70878,1.70935,1.00,1.00
2015.10.14 02:03:09.555,1.7087,1.70936,1.75,1.87
2015.10.14 02:03:17.213,1.70866,1.70926,1.12,1.00
2015.10.14 02:03:26.715,1.70868,1.70926,1.12,1.00
2015.10.14 02:03:29.445,1.70865,1.70916,1.12,1.00
2015.10.14 02:03:29.748,1.7086,1.70907,1.12,1.00
2015.10.14 02:03:30.351,1.7086,1.70906,1.12,1.00
2015.10.14 02:03:35.958,1.7086,1.70907,1.12,1.00
2015.10.14 02:03:38.785,1.7086,1.70915,1.12,1.00
2015.10.14 02:03:38.889,1.7086,1.70917,1.12,1.00
2015.10.14 02:03:39.554,1.7086,1.70916,1.12,1.00
2015.10.14 02:03:45.039,1.7086,1.70917,1.12,1.00
2015.10.14 02:03:47.403,1.70863,1.70917,1.12,1.00
2015.10.14 02:03:47.605,1.70868,1.70927,1.75,1.00
2015.10.14 02:03:47.721,1.70873,1.70927,1.75,1.00
2015.10.14 02:03:47.923,1.7089,1.70946,1.75,1.00
2015.10.14 02:03:48.128,1.70895,1.70956,1.75,1.00
2015.10.14 02:03:48.230,1.70895,1.70946,2.25,1.00
2015.10.14 02:03:48.381,1.70902,1.70961,1.12,1.00
2015.10.14 02:03:48.432,1.70902,1.70966,1.12,1.12
2015.10.14 02:03:49.177,1.70907,1.70966,1.12,1.00
2015.10.14 02:03:49.695,1.70908,1.70972,1.12,1.12
2015.10.14 02:03:55.523,1.70921,1.70976,1.00,1.00
2015.10.14 02:03:56.027,1.70921,1.70977,1.00,1.00
2015.10.14 02:03:56.702,1.70921,1.70976,1.00,1.00
2015.10.14 02:03:57.028,1.70921,1.70966,1.00,1.00
2015.10.14 02:04:03.560,1.70908,1.70966,1.12,1.00
2015.10.14 02:04:03.863,1.70908,1.70964,1.12,1.00
2015.10.14 02:04:04.228,1.70908,1.70957,1.12,1.00
2015.10.14 02:04:04.430,1.70907,1.70957,1.00,1.00
2015.10.14 02:04:06.372,1.70907,1.70955,1.00,1.00
2015.10.14 02:04:07.828,1.70894,1.70951,1.87,1.00
2015.10.14 02:04:07.929,1.70894,1.70946,1.12,1.00
2015.10.14 02:04:10.118,1.70894,1.70955,1.12,1.00
2015.10.14 02:04:10.565,1.70894,1.70946,1.12,1.00
2015.10.14 02:04:12.118,1.70894,1.70956,1.12,1.50
2015.10.14 02:04:12.539,1.70894,1.70946,1.12,1.00
2015.10.14 02:04:13.118,1.70894,1.7095,1.12,1.00
2015.10.14 02:04:13.220,1.70888,1.70937,1.12,1.00
2015.10.14 02:04:13.271,1.70885,1.70937,2.25,1.00
2015.10.14 02:04:13.772,1.70884,1.70936,1.75,1.00
2015.10.14 02:04:20.801,1.70882,1.70937,1.12,1.00
2015.10.14 02:04:26.268,1.70876,1.70937,1.87,1.00
2015.10.14 02:04:26.405,1.70876,1.70931,1.87,1.00
2015.10.14 02:04:26.715,1.70876,1.70935,1.12,1.00
2015.10.14 02:04:26.969,1.70876,1.70926,1.12,1.00
2015.10.14 02:04:28.628,1.70876,1.70927,1.12,1.00
2015.10.14 02:04:28.679,1.70869,1.70927,1.12,1.00
2015.10.14 02:04:28.830,1.70869,1.7093,1.12,1.00
2015.10.14 02:04:29.037,1.70869,1.70933,1.12,1.12
2015.10.14 02:04:29.380,1.70869,1.70926,1.12,1.00
2015.10.14 02:04:30.028,1.70869,1.70933,1.12,1.12
2015.10.14 02:04:30.383,1.70869,1.70927,1.12,1.00
2015.10.14 02:04:31.239,1.70869,1.70933,1.12,1.12
2015.10.14 02:04:39.038,1.70876,1.70936,1.60,1.75
2015.10.14 02:04:39.345,1.70885,1.70936,1.12,1.00
2015.10.14 02:04:39.396,1.70885,1.70945,1.12,1.00
2015.10.14 02:04:39.446,1.70885,1.70938,1.12,1.00
2015.10.14 02:04:39.751,1.70867,1.70916,1.12,1.00
2015.10.14 02:04:39.802,1.70859,1.70916,1.12,1.00
2015.10.14 02:04:40.106,1.70854,1.70916,2.25,1.12
2015.10.14 02:04:40.216,1.70854,1.70906,1.75,1.00
2015.10.14 02:04:40.670,1.70856,1.70907,1.12,1.00
2015.10.14 02:04:40.721,1.70858,1.70916,1.87,1.00
2015.10.14 02:04:40.822,1.70867,1.70916,1.00,1.00
2015.10.14 02:04:40.873,1.70867,1.70926,1.50,1.37
2015.10.14 02:04:41.378,1.70873,1.70934,1.12,1.75
2015.10.14 02:04:41.479,1.70876,1.70937,1.00,1.87
2015.10.14 02:04:44.630,1.70874,1.70936,1.00,1.75
2015.10.14 02:04:45.287,1.70877,1.70936,1.00,1.75
2015.10.14 02:04:45.589,1.70885,1.70944,1.12,1.00
2015.10.14 02:04:45.892,1.70874,1.70927,1.50,1.00
2015.10.14 02:04:45.993,1.70863,1.70923,1.75,1.00
2015.10.14 02:04:46.044,1.70862,1.70916,1.87,1.00
2015.10.14 02:04:46.296,1.70857,1.70907,1.50,1.00
2015.10.14 02:04:46.907,1.70857,1.70911,1.00,1.00
2015.10.14 02:04:47.009,1.70857,1.70907,1.00,1.00
2015.10.14 02:04:47.562,1.70857,1.70915,1.60,1.00
2015.10.14 02:04:47.663,1.70864,1.70916,1.00,1.00
2015.10.14 02:04:47.883,1.70876,1.70936,1.00,1.75
2015.10.14 02:04:51.144,1.70878,1.70936,1.00,1.75
2015.10.14 02:04:52.478,1.70878,1.70936,1.37,1.37
2015.10.14 02:04:52.529,1.70881,1.70936,1.00,1.00
2015.10.14 02:04:55.298,1.70885,1.70936,1.60,1.00
2015.10.14 02:04:55.349,1.70885,1.70941,1.60,1.00
2015.10.14 02:04:55.566,1.70893,1.70947,1.75,1.00
2015.10.14 02:04:58.306,1.70897,1.70947,1.00,1.00
2015.10.14 02:04:58.559,1.70898,1.70956,1.00,1.12
2015.10.14 02:04:58.660,1.70898,1.70946,1.00,1.00
2015.10.14 02:04:58.710,1.70893,1.70946,1.75,1.00
2015.10.14 02:04:59.662,1.70892,1.70956,2.25,1.12
2015.10.14 02:04:59.713,1.70891,1.70954,1.50,1.12
2015.10.14 02:05:00.116,1.70888,1.70946,1.75,1.00
2015.10.14 02:05:05.295,1.70888,1.70947,1.75,1.00
2015.10.14 02:05:05.617,1.70883,1.70937,1.00,1.00
2015.10.14 02:05:06.404,1.70884,1.70937,1.00,1.00
2015.10.14 02:05:07.038,1.70883,1.70937,1.00,1.00
2015.10.14 02:05:07.841,1.70884,1.70937,1.00,1.00
2015.10.14 02:05:09.048,1.70882,1.70937,1.50,1.00
2015.10.14 02:05:09.246,1.70885,1.70937,1.00,1.00
2015.10.14 02:05:10.354,1.70882,1.70937,1.50,1.00
2015.10.14 02:05:11.111,1.70883,1.70942,1.00,1.00
2015.10.14 02:05:11.364,1.70884,1.70946,1.12,1.00
2015.10.14 02:05:12.346,1.70894,1.70946,1.00,1.00
2015.10.14 02:05:12.878,1.70884,1.70948,1.87,1.12
2015.10.14 02:05:12.929,1.70884,1.70948,1.37,1.75
2015.10.14 02:05:12.980,1.70884,1.70946,1.00,1.87
2015.10.14 02:05:13.081,1.70877,1.70936,1.75,1.00
2015.10.14 02:05:15.928,1.70876,1.70938,1.87,1.00
2015.10.14 02:05:16.153,1.70877,1.70936,1.75,1.00
2015.10.14 02:05:20.125,1.70876,1.70926,1.12,1.00
2015.10.14 02:05:22.111,1.70876,1.70937,1.87,1.00
2015.10.14 02:05:22.371,1.70885,1.70936,1.00,1.00
2015.10.14 02:05:22.472,1.70883,1.70937,1.00,1.00
2015.10.14 02:05:23.083,1.70879,1.70945,1.75,2.10
2015.10.14 02:05:23.213,1.70878,1.70937,1.75,1.00
2015.10.14 02:05:26.039,1.70878,1.70936,1.75,1.00
2015.10.14 02:05:28.433,1.70884,1.70936,1.00,1.00
2015.10.14 02:05:48.750,1.70879,1.70945,1.75,1.75
2015.10.14 02:05:50.369,1.7088,1.70936,1.75,1.00
2015.10.14 02:06:04.674,1.70883,1.70936,1.00,1.00
2015.10.14 02:06:16.519,1.70883,1.70936,1.00,1.60
2015.10.14 02:06:16.620,1.70879,1.70929,1.00,1.72
2015.10.14 02:06:16.721,1.70879,1.70911,1.00,1.00
2015.10.14 02:06:16.772,1.70848,1.70906,1.75,1.37
2015.10.14 02:06:16.935,1.70848,1.70897,1.75,1.75
2015.10.14 02:06:16.986,1.70819,1.70866,1.12,1.00
2015.10.14 02:06:17.037,1.70819,1.70866,1.00,1.00
2015.10.14 02:06:17.242,1.70813,1.70867,1.00,1.00
2015.10.14 02:06:17.659,1.70806,1.70867,1.37,1.37
2015.10.14 02:06:17.861,1.70793,1.70847,1.37,1.00
2015.10.14 02:06:18.215,1.70786,1.70847,1.37,1.37
2015.10.14 02:06:18.267,1.70785,1.70847,1.37,1.75
2015.10.14 02:06:40.518,1.70786,1.70845,1.00,1.60
2015.10.14 02:06:40.670,1.70775,1.70839,1.00,2.05
2015.10.14 02:06:40.864,1.70767,1.70833,1.12,2.25
2015.10.14 02:06:40.966,1.70767,1.70816,1.12,1.00
2015.10.14 02:06:41.067,1.70767,1.70829,1.12,1.00
2015.10.14 02:06:41.168,1.70767,1.70826,1.87,1.00
2015.10.14 02:06:41.420,1.70781,1.70837,1.00,1.00
2015.10.14 02:06:41.924,1.7078,1.70837,1.00,1.00
2015.10.14 02:06:42.076,1.7078,1.7084,1.00,1.00
2015.10.14 02:06:42.127,1.70782,1.7084,1.00,1.00
2015.10.14 02:06:44.848,1.70783,1.7084,1.00,1.00
2015.10.14 02:06:46.799,1.7078,1.7084,2.25,1.00
2015.10.14 02:06:48.099,1.70784,1.7084,1.00,1.00
2015.10.14 02:06:48.803,1.7078,1.7084,1.00,1.00
2015.10.14 02:06:57.990,1.7078,1.70846,1.12,1.50
2015.10.14 02:06:58.041,1.70782,1.70846,1.12,1.12
2015.10.14 02:07:00.808,1.70782,1.70845,1.12,1.00
2015.10.14 02:07:06.460,1.70782,1.70846,1.12,1.12
2015.10.14 02:07:09.387,1.70782,1.70845,1.12,1.00
2015.10.14 02:07:11.282,1.70782,1.70847,1.12,1.50
2015.10.14 02:07:15.242,1.70781,1.70846,1.12,1.50
2015.10.14 02:07:15.293,1.7078,1.70846,1.75,1.75
2015.10.14 02:07:16.735,1.70784,1.70845,1.75,1.37
2015.10.14 02:07:16.920,1.70786,1.70848,1.12,1.00
2015.10.14 02:07:16.988,1.70786,1.70854,1.12,1.75
2015.10.14 02:07:17.349,1.70789,1.7085,1.37,1.37
2015.10.14 02:07:17.406,1.70789,1.70849,1.00,1.12
2015.10.14 02:07:20.077,1.70787,1.70849,1.00,1.12
2015.10.14 02:07:21.224,1.70792,1.70849,1.00,1.12
2015.10.14 02:07:21.376,1.70792,1.70856,1.12,1.87
2015.10.14 02:07:21.488,1.70792,1.70851,1.00,1.12
2015.10.14 02:07:21.640,1.70787,1.70849,1.00,1.12
2015.10.14 02:07:28.915,1.70778,1.70843,2.25,1.12
2015.10.14 02:07:28.966,1.70778,1.7084,1.00,1.12
2015.10.14 02:07:29.232,1.70774,1.7084,1.75,1.87
2015.10.14 02:07:32.593,1.70776,1.70834,1.00,1.12
2015.10.14 02:07:36.276,1.70773,1.70833,1.50,1.12
2015.10.14 02:07:38.631,1.70773,1.70835,1.37,1.12
2015.10.14 02:07:38.682,1.70773,1.7084,1.75,1.87
2015.10.14 02:07:39.141,1.70784,1.70842,1.12,1.12
2015.10.14 02:07:39.192,1.70784,1.70846,1.12,1.75
2015.10.14 02:07:39.343,1.70787,1.70846,1.00,1.75
2015.10.14 02:07:39.920,1.70786,1.70847,1.00,1.75
2015.10.14 02:07:41.191,1.70778,1.70846,1.87,1.75
2015.10.14 02:08:00.946,1.7078,1.7084,1.00,1.00
2015.10.14 02:08:02.491,1.70783,1.7084,1.00,1.00
2015.10.14 02:08:03.555,1.70788,1.70847,1.50,1.00
2015.10.14 02:08:03.657,1.70791,1.70848,1.00,1.00
2015.10.14 02:08:03.758,1.70788,1.70848,1.00,1.00
2015.10.14 02:08:03.995,1.70791,1.70848,1.00,1.00
2015.10.14 02:08:04.147,1.70791,1.70856,1.87,1.50
2015.10.14 02:08:04.665,1.70798,1.70857,1.00,1.75
2015.10.14 02:08:05.867,1.70804,1.70859,1.00,1.75
2015.10.14 02:08:06.326,1.70798,1.70857,1.00,1.75
2015.10.14 02:08:07.574,1.70795,1.70857,1.75,1.75
2015.10.14 02:08:18.107,1.70795,1.70846,1.75,1.00
2015.10.14 02:08:18.316,1.70795,1.70856,1.75,1.50
2015.10.14 02:08:18.418,1.70791,1.70847,1.87,1.00
2015.10.14 02:08:23.476,1.70791,1.70846,1.12,1.00
2015.10.14 02:08:27.996,1.70786,1.70846,1.12,1.75
2015.10.14 02:08:29.226,1.7078,1.70836,1.12,1.00
2015.10.14 02:08:29.276,1.70777,1.70836,1.00,1.50
2015.10.14 02:08:31.275,1.70776,1.70836,1.50,1.00
2015.10.14 02:08:31.679,1.70781,1.70836,1.00,1.00
2015.10.14 02:08:31.780,1.70781,1.70846,1.87,2.25
2015.10.14 02:08:48.337,1.70779,1.70846,1.12,3.00
2015.10.14 02:08:53.875,1.70779,1.70836,1.12,1.00
2015.10.14 02:08:57.955,1.70776,1.70836,1.12,1.12
2015.10.14 02:09:11.558,1.70777,1.70843,1.87,1.50
2015.10.14 02:09:11.962,1.7079,1.70847,1.00,1.00
2015.10.14 02:09:12.386,1.70795,1.7085,1.00,1.00
2015.10.14 02:09:12.538,1.70801,1.70857,1.00,1.00
2015.10.14 02:09:15.240,1.70798,1.70857,1.50,1.00
2015.10.14 02:09:27.267,1.70798,1.70856,1.50,1.00
2015.10.14 02:09:28.365,1.70798,1.70856,1.50,1.00
2015.10.14 02:09:34.815,1.70797,1.70861,1.75,2.25
2015.10.14 02:09:34.967,1.70795,1.70858,1.37,1.12
2015.10.14 02:09:35.017,1.70795,1.7085,1.00,1.00
2015.10.14 02:09:35.068,1.7079,1.7085,1.00,1.00
2015.10.14 02:09:35.169,1.70792,1.7085,1.00,1.00
2015.10.14 02:09:35.534,1.7079,1.70846,1.00,1.00
2015.10.14 02:09:35.869,1.70794,1.7085,1.00,1.00
2015.10.14 02:09:37.075,1.7079,1.70846,1.00,1.00
2015.10.14 02:09:46.473,1.7079,1.70847,1.50,1.00
2015.10.14 02:09:47.260,1.7079,1.70846,1.00,1.00
2015.10.14 02:09:48.222,1.7079,1.7085,1.00,1.00
2015.10.14 02:09:48.392,1.7079,1.70846,1.00,1.00
2015.10.14 02:09:52.491,1.70782,1.70847,1.12,1.37
2015.10.14 02:09:52.542,1.70784,1.70847,1.00,1.75
2015.10.14 02:09:53.074,1.70786,1.70846,1.00,1.75
2015.10.14 02:09:53.816,1.70787,1.70847,1.00,1.75
2015.10.14 02:09:54.566,1.70793,1.70848,1.00,1.12
2015.10.14 02:09:54.803,1.70786,1.70846,1.00,1.75
2015.10.14 02:09:55.005,1.70784,1.70846,1.50,1.75
2015.10.14 02:09:57.301,1.70787,1.70846,1.00,1.75
2015.10.14 02:09:57.604,1.7079,1.70848,1.00,1.12
2015.10.14 02:09:57.705,1.70788,1.70846,1.00,1.75
2015.10.14 02:09:59.137,1.70788,1.70846,1.37,1.37
2015.10.14 02:09:59.238,1.7079,1.70846,1.00,1.00
2015.10.14 02:10:02.599,1.70793,1.7085,1.00,1.00
2015.10.14 02:10:02.801,1.70795,1.7085,2.10,1.00
2015.10.14 02:10:02.902,1.7082,1.70876,1.00,1.87
2015.10.14 02:10:02.953,1.70823,1.70876,1.00,1.12
2015.10.14 02:10:03.315,1.70841,1.70895,1.00,1.12
2015.10.14 02:10:03.366,1.70844,1.70896,1.75,1.00
2015.10.14 02:10:03.568,1.70849,1.70896,1.00,1.00
2015.10.14 02:10:03.619,1.70849,1.70907,1.00,1.75
2015.10.14 02:10:03.670,1.70849,1.70907,1.37,1.37
2015.10.14 02:10:03.822,1.70857,1.70916,1.00,1.75
2015.10.14 02:10:03.873,1.70861,1.70916,1.00,1.37
2015.10.14 02:10:03.924,1.70861,1.70916,1.12,1.00
2015.10.14 02:10:04.075,1.70875,1.70916,1.00,1.00
2015.10.14 02:10:04.177,1.70875,1.70927,1.00,1.12
2015.10.14 02:10:04.603,1.70871,1.70927,1.00,1.12
2015.10.14 02:10:05.869,1.7088,1.70935,1.00,1.12
2015.10.14 02:10:05.920,1.7088,1.70936,1.00,1.75
2015.10.14 02:10:06.076,1.70877,1.70936,1.00,1.75
2015.10.14 02:10:08.040,1.7088,1.70936,1.00,1.75
2015.10.14 02:10:08.343,1.70889,1.70936,1.00,1.00
2015.10.14 02:10:08.647,1.70898,1.70958,1.00,1.75
2015.10.14 02:10:08.697,1.70901,1.70958,1.00,1.75
2015.10.14 02:10:10.157,1.70903,1.70957,1.00,1.75
2015.10.14 02:10:10.459,1.709,1.70961,1.00,1.12
2015.10.14 02:10:10.894,1.70903,1.70961,1.00,1.12
2015.10.14 02:10:11.202,1.70898,1.70936,1.12,1.00
2015.10.14 02:10:11.253,1.70898,1.70936,1.00,1.00
2015.10.14 02:10:11.354,1.70889,1.70936,1.00,1.00
2015.10.14 02:10:11.405,1.70889,1.70946,1.00,1.75
2015.10.14 02:10:11.506,1.70894,1.70946,1.00,1.37
2015.10.14 02:10:11.557,1.70894,1.70946,1.00,1.00
2015.10.14 02:10:11.658,1.70888,1.70954,1.75,1.75
2015.10.14 02:10:11.759,1.70888,1.70936,1.75,1.00
2015.10.14 02:10:11.860,1.70884,1.70943,1.00,1.75
2015.10.14 02:10:11.911,1.70873,1.7094,1.75,1.12
2015.10.14 02:10:11.962,1.7087,1.70936,1.75,1.75
2015.10.14 02:10:12.328,1.70868,1.70926,1.75,1.00
2015.10.14 02:10:12.534,1.70865,1.70925,1.50,1.00
2015.10.14 02:10:12.888,1.70867,1.70925,1.00,1.00
2015.10.14 02:10:13.191,1.7087,1.70925,1.00,1.00
2015.10.14 02:10:14.302,1.7087,1.70932,1.37,1.12
2015.10.14 02:10:14.353,1.7087,1.70937,1.75,1.75
2015.10.14 02:10:18.790,1.70864,1.70931,1.12,1.12
2015.10.14 02:10:18.840,1.70863,1.70929,2.25,1.12
2015.10.14 02:10:18.992,1.70858,1.70916,1.87,1.00
2015.10.14 02:10:19.576,1.70858,1.70927,1.87,1.75
2015.10.14 02:10:19.644,1.70858,1.70916,1.87,1.00
2015.10.14 02:10:20.346,1.70858,1.70927,1.87,1.75
2015.10.14 02:10:21.343,1.70858,1.70917,1.87,1.00
2015.10.14 02:10:22.732,1.7086,1.70927,1.75,1.75
2015.10.14 02:10:22.934,1.70865,1.70927,1.12,1.00
2015.10.14 02:10:23.237,1.70873,1.70927,1.00,1.00
2015.10.14 02:10:23.539,1.70877,1.70936,1.12,1.00
2015.10.14 02:10:23.798,1.70891,1.70946,1.00,1.00
2015.10.14 02:10:24.328,1.70891,1.70947,1.00,1.00
2015.10.14 02:10:30.003,1.70891,1.70946,1.00,1.00
2015.10.14 02:10:30.221,1.70891,1.70946,1.12,1.00
2015.10.14 02:10:30.473,1.70895,1.70947,1.00,1.00
2015.10.14 02:10:33.741,1.70895,1.70946,1.00,1.00
2015.10.14 02:10:34.094,1.70895,1.70936,1.00,1.00
2015.10.14 02:10:37.180,1.70895,1.70946,1.00,1.00
2015.10.14 02:10:46.160,1.70895,1.70953,1.00,1.00
2015.10.14 02:10:46.676,1.70895,1.70957,1.00,2.25
2015.10.14 02:10:48.432,1.70895,1.70946,1.00,1.00
2015.10.14 02:10:48.967,1.70889,1.70946,1.75,1.00
2015.10.14 02:10:49.271,1.70889,1.70946,1.37,1.37
2015.10.14 02:10:49.322,1.70884,1.70946,1.50,1.75
2015.10.14 02:10:50.214,1.70881,1.70939,1.75,1.00
2015.10.14 02:10:50.517,1.70863,1.70897,1.00,1.00
2015.10.14 02:10:50.567,1.70854,1.70897,1.00,1.00
2015.10.14 02:10:50.618,1.70846,1.70897,1.12,1.00
2015.10.14 02:10:50.669,1.70837,1.70886,1.75,1.00
2015.10.14 02:10:50.720,1.70837,1.70886,1.00,1.00
2015.10.14 02:10:50.821,1.70828,1.70886,1.37,1.12
2015.10.14 02:10:50.872,1.70824,1.70884,1.75,1.00
2015.10.14 02:10:50.983,1.70814,1.70876,1.75,1.12
2015.10.14 02:10:51.185,1.70814,1.70875,1.00,1.75
2015.10.14 02:10:51.491,1.70802,1.70856,1.00,1.00
2015.10.14 02:10:51.995,1.70802,1.70857,1.00,1.00
2015.10.14 02:10:54.889,1.70802,1.70862,1.00,1.00
2015.10.14 02:10:54.991,1.70796,1.70856,1.00,1.75
2015.10.14 02:10:55.294,1.70802,1.70867,1.37,1.12
2015.10.14 02:10:55.344,1.70806,1.70867,1.00,1.12
2015.10.14 02:10:55.647,1.70819,1.70876,1.00,1.75
2015.10.14 02:10:55.950,1.70821,1.70876,1.75,1.00
2015.10.14 02:10:56.148,1.70826,1.70886,1.12,1.75
2015.10.14 02:10:57.556,1.70837,1.70886,1.00,1.75
2015.10.14 02:10:57.607,1.70837,1.70893,1.00,1.00
2015.10.14 02:10:57.759,1.7084,1.70893,1.00,1.00
2015.10.14 02:10:57.910,1.70836,1.70893,1.00,1.00
2015.10.14 02:10:57.974,1.70833,1.70893,1.50,1.00
2015.10.14 02:10:58.662,1.70836,1.70893,1.00,1.00
2015.10.14 02:11:02.190,1.70833,1.70893,1.50,1.00
2015.10.14 02:11:04.085,1.70833,1.70886,1.50,1.00
2015.10.14 02:11:04.791,1.70833,1.70893,1.50,1.00
2015.10.14 02:11:08.485,1.70833,1.70886,1.50,1.00
2015.10.14 02:11:09.253,1.70834,1.70893,1.00,1.00
2015.10.14 02:11:10.103,1.70833,1.70893,1.00,1.00
2015.10.14 02:11:10.154,1.70833,1.70887,1.00,1.00
2015.10.14 02:11:14.940,1.70832,1.70887,1.12,1.00
2015.10.14 02:11:16.514,1.70832,1.70895,1.12,1.12
2015.10.14 02:11:19.925,1.70829,1.70886,1.75,1.00
2015.10.14 02:11:26.355,1.70818,1.70883,1.12,1.37
2015.10.14 02:11:26.456,1.70818,1.70876,1.12,1.00
2015.10.14 02:11:26.838,1.70809,1.70867,1.75,1.00
2015.10.14 02:11:30.852,1.70807,1.70866,1.12,1.00
2015.10.14 02:11:32.483,1.70807,1.70873,1.12,1.75
2015.10.14 02:11:32.799,1.70807,1.70866,1.12,1.00
2015.10.14 02:11:33.051,1.70807,1.70873,1.12,1.75
2015.10.14 02:11:33.102,1.70807,1.70868,1.12,1.00
2015.10.14 02:11:33.203,1.70807,1.70871,1.12,1.12
2015.10.14 02:11:33.253,1.70807,1.70856,1.12,1.00
2015.10.14 02:11:33.355,1.70805,1.70856,1.00,1.00
2015.10.14 02:11:33.456,1.70805,1.70865,1.00,1.00
2015.10.14 02:11:33.607,1.70805,1.70857,1.00,1.00
2015.10.14 02:11:33.708,1.70805,1.70862,1.00,1.00
2015.10.14 02:11:33.873,1.70805,1.70859,1.00,1.00
2015.10.14 02:11:38.452,1.70805,1.70861,1.00,1.00
2015.10.14 02:11:38.805,1.70805,1.70859,1.00,1.00
2015.10.14 02:11:40.985,1.70805,1.70862,1.00,1.00
2015.10.14 02:11:41.136,1.70805,1.70864,1.00,1.00
2015.10.14 02:11:41.546,1.70807,1.70865,1.00,1.00
2015.10.14 02:11:41.775,1.70817,1.70876,1.00,1.00
2015.10.14 02:11:41.952,1.70823,1.70876,1.00,1.00
2015.10.14 02:11:42.479,1.70824,1.70876,1.00,1.00
2015.10.14 02:11:42.652,1.70817,1.70876,1.00,1.00
2015.10.14 02:11:42.958,1.70813,1.70874,1.00,1.12
2015.10.14 02:11:43.335,1.70804,1.70869,1.75,1.75
2015.10.14 02:12:01.043,1.70814,1.70872,1.00,1.75
2015.10.14 02:12:06.763,1.70804,1.7087,1.75,1.75
2015.10.14 02:12:06.914,1.70804,1.70866,1.00,1.87
2015.10.14 02:12:07.218,1.70802,1.70866,1.12,1.12
2015.10.14 02:12:07.474,1.70804,1.70866,1.00,1.12
2015.10.14 02:12:07.983,1.70804,1.70859,1.00,1.00
2015.10.14 02:12:08.085,1.70796,1.70859,1.12,1.00
2015.10.14 02:12:08.826,1.70796,1.70863,1.12,1.75
2015.10.14 02:12:09.147,1.70804,1.70866,1.00,1.12
2015.10.14 02:12:09.674,1.70803,1.70866,1.00,1.12
2015.10.14 02:12:12.478,1.70803,1.7087,2.25,1.87
2015.10.14 02:12:12.528,1.70805,1.7087,1.12,1.50
2015.10.14 02:12:18.312,1.70813,1.7087,1.00,1.50
2015.10.14 02:12:22.602,1.70805,1.7087,1.12,1.50
2015.10.14 02:12:23.525,1.70822,1.7087,1.00,1.00
2015.10.14 02:12:23.576,1.70822,1.70877,1.00,1.00
2015.10.14 02:12:23.677,1.70822,1.7088,1.00,1.00
2015.10.14 02:12:24.211,1.70822,1.70881,1.00,1.00
2015.10.14 02:12:24.692,1.70824,1.70881,1.00,1.00
2015.10.14 02:12:25.045,1.70822,1.70881,1.00,1.00
2015.10.14 02:12:27.760,1.70822,1.70873,1.00,1.00
2015.10.14 02:12:27.861,1.70812,1.70873,1.75,1.12
2015.10.14 02:12:29.346,1.70804,1.70871,1.75,1.12
2015.10.14 02:12:29.750,1.70794,1.70857,1.50,1.75
2015.10.14 02:12:30.093,1.70789,1.70848,1.12,1.00
2015.10.14 02:12:30.146,1.70784,1.70848,2.25,1.75
2015.10.14 02:12:43.721,1.7078,1.70843,1.12,1.00
2015.10.14 02:12:43.772,1.7078,1.70843,1.12,1.60
2015.10.14 02:12:44.089,1.70784,1.70837,1.75,1.00
2015.10.14 02:12:44.291,1.70775,1.70832,1.00,1.00
2015.10.14 02:12:44.602,1.70775,1.70829,1.00,1.00
2015.10.14 02:12:44.940,1.70767,1.70823,1.12,1.00
2015.10.14 02:12:44.991,1.70763,1.70823,1.75,1.00
2015.10.14 02:12:45.254,1.70763,1.70823,1.00,1.75
2015.10.14 02:12:48.461,1.70764,1.70818,1.00,1.12
2015.10.14 02:12:51.612,1.70763,1.70824,1.00,1.12
2015.10.14 02:12:51.713,1.70766,1.70825,1.00,1.00
2015.10.14 02:12:52.117,1.70774,1.70825,1.00,1.00
2015.10.14 02:12:52.471,1.70773,1.70833,1.50,1.00
2015.10.14 02:12:52.773,1.70783,1.70841,1.00,1.00
2015.10.14 02:12:52.824,1.70783,1.70843,1.00,1.00
2015.10.14 02:12:53.172,1.70785,1.70843,1.00,1.00
2015.10.14 02:12:58.242,1.70794,1.70843,1.00,1.00
2015.10.14 02:12:58.560,1.70803,1.70843,1.00,1.00
2015.10.14 02:13:01.873,1.70794,1.70843,1.00,1.00
2015.10.14 02:13:08.407,1.70794,1.70846,1.00,1.00
2015.10.14 02:13:10.782,1.70793,1.70846,1.00,1.00
2015.10.14 02:13:28.289,1.70793,1.7085,1.00,1.12
2015.10.14 02:13:28.830,1.70793,1.70849,1.00,1.12
2015.10.14 02:13:36.873,1.70794,1.70849,1.00,1.12
2015.10.14 02:13:43.925,1.70793,1.70849,1.00,1.12
2015.10.14 02:13:44.901,1.70794,1.70849,1.00,1.12
2015.10.14 02:13:45.403,1.70794,1.7085,1.00,1.12
2015.10.14 02:14:05.054,1.70794,1.70844,1.00,1.37
2015.10.14 02:14:05.672,1.70784,1.70838,1.00,1.00
2015.10.14 02:14:16.560,1.70783,1.70838,1.00,1.00
2015.10.14 02:14:26.065,1.70784,1.70838,1.00,1.00
2015.10.14 02:14:27.469,1.70783,1.70837,1.00,1.00
2015.10.14 02:14:27.590,1.70773,1.70836,1.37,1.97
2015.10.14 02:14:27.641,1.70773,1.70833,1.00,1.35
2015.10.14 02:14:27.742,1.70773,1.70822,1.00,1.00
2015.10.14 02:14:27.894,1.70754,1.7082,2.25,1.12
2015.10.14 02:14:28.038,1.70753,1.70809,1.75,1.00
2015.10.14 02:14:28.343,1.70744,1.70803,1.50,1.00
2015.10.14 02:14:28.394,1.70744,1.70803,1.37,1.50
2015.10.14 02:14:28.595,1.70734,1.70797,1.37,1.87
2015.10.14 02:14:28.646,1.70734,1.70796,1.00,1.12
2015.10.14 02:14:32.637,1.70733,1.70796,1.00,1.87
2015.10.14 02:14:32.793,1.70733,1.70799,1.75,1.75
2015.10.14 02:14:32.844,1.70744,1.70804,1.00,1.75
2015.10.14 02:14:36.675,1.70744,1.70799,1.00,1.00
2015.10.14 02:14:36.939,1.70736,1.70799,1.12,1.00
2015.10.14 02:14:37.470,1.70743,1.70799,1.00,1.00
2015.10.14 02:14:37.745,1.70754,1.70806,1.00,1.12
2015.10.14 02:14:37.796,1.70744,1.70806,1.00,1.12
2015.10.14 02:14:37.897,1.70746,1.70806,1.00,1.12
2015.10.14 02:14:38.049,1.70753,1.70809,1.00,1.00
2015.10.14 02:14:38.779,1.70754,1.70809,1.00,1.00
2015.10.14 02:14:42.097,1.70753,1.70809,1.00,1.00
2015.10.14 02:14:43.440,1.70754,1.70809,1.00,1.00
2015.10.14 02:14:43.587,1.7075,1.70809,1.00,1.00
2015.10.14 02:14:44.394,1.70747,1.70809,1.37,1.12
2015.10.14 02:14:44.445,1.70747,1.70808,1.00,1.12
2015.10.14 02:14:44.639,1.70744,1.70808,1.87,1.12
2015.10.14 02:14:53.160,1.70744,1.708,1.12,1.00
2015.10.14 02:14:53.462,1.70744,1.708,1.00,1.87
2015.10.14 02:14:53.563,1.70733,1.70798,1.75,1.35
2015.10.14 02:14:53.614,1.70733,1.70792,1.37,1.50
2015.10.14 02:14:53.966,1.70733,1.70787,1.00,1.50
2015.10.14 02:14:54.118,1.70723,1.70785,1.75,1.00
2015.10.14 02:14:56.320,1.70721,1.70783,1.37,1.37
2015.10.14 02:14:56.372,1.70717,1.70783,3.00,1.75
2015.10.14 02:14:56.680,1.70714,1.70775,1.12,1.37
2015.10.14 02:14:56.731,1.70711,1.70775,1.75,1.75
2015.10.14 02:14:57.023,1.70706,1.70769,1.12,1.37
2015.10.14 02:14:57.074,1.70704,1.70769,1.75,1.75
2015.10.14 02:14:57.575,1.70704,1.70765,1.75,1.00
2015.10.14 02:14:58.130,1.70704,1.70768,1.75,1.75
2015.10.14 02:14:58.433,1.70704,1.70764,1.75,1.00
2015.10.14 02:14:58.773,1.70704,1.70756,1.00,1.00
2015.10.14 02:14:59.079,1.70693,1.70756,1.00,1.12
2015.10.14 02:14:59.180,1.70704,1.70756,1.00,1.12
2015.10.14 02:14:59.332,1.70704,1.7076,1.00,1.75
2015.10.14 02:14:59.483,1.70713,1.70763,1.00,1.12
2015.10.14 02:14:59.808,1.70704,1.70763,1.00,1.12
2015.10.14 02:15:00.488,1.70703,1.70763,1.00,1.12
2015.10.14 02:15:03.111,1.70714,1.70762,1.00,1.75
2015.10.14 02:15:06.640,1.70704,1.70763,1.00,1.12
2015.10.14 02:15:07.210,1.70703,1.70761,1.00,1.75
2015.10.14 02:15:08.831,1.70704,1.70761,1.00,1.75
2015.10.14 02:15:13.920,1.70714,1.70763,1.00,1.37
2015.10.14 02:15:13.971,1.70714,1.70765,1.00,1.00
2015.10.14 02:15:14.072,1.70714,1.70768,1.00,1.00
2015.10.14 02:15:14.123,1.70709,1.70768,1.00,1.00
2015.10.14 02:15:14.224,1.70714,1.70768,1.00,1.00
2015.10.14 02:15:17.251,1.70718,1.70775,1.37,1.50
2015.10.14 02:15:17.302,1.70718,1.70775,1.50,1.00
2015.10.14 02:15:17.353,1.70718,1.70784,1.87,1.37
2015.10.14 02:15:17.404,1.70721,1.70784,1.12,1.00
2015.10.14 02:15:17.758,1.70734,1.70793,1.12,2.10
2015.10.14 02:15:17.809,1.70734,1.70794,1.50,1.60
2015.10.14 02:15:18.315,1.70734,1.70794,1.00,1.00
2015.10.14 02:15:18.844,1.70735,1.70794,1.00,1.00
2015.10.14 02:15:21.445,1.70737,1.70794,1.00,1.00
2015.10.14 02:15:22.572,1.70742,1.70802,1.00,1.50
2015.10.14 02:15:24.663,1.70742,1.70806,1.12,1.37
2015.10.14 02:15:24.714,1.70744,1.70806,1.12,1.00
2015.10.14 02:15:25.428,1.70744,1.70807,1.87,1.00
2015.10.14 02:15:26.097,1.70744,1.70808,1.87,1.12
2015.10.14 02:15:26.149,1.70752,1.70812,1.12,1.00
2015.10.14 02:15:26.301,1.70752,1.70815,1.12,1.00
2015.10.14 02:15:26.453,1.70763,1.70815,1.37,1.00
2015.10.14 02:15:26.507,1.70763,1.7082,1.75,1.00
2015.10.14 02:15:26.710,1.70763,1.70826,1.75,1.12
2015.10.14 02:15:27.912,1.70762,1.70823,1.12,1.00
2015.10.14 02:15:28.215,1.70754,1.70812,1.00,1.00
2015.10.14 02:15:28.366,1.70754,1.70803,1.00,1.00
2015.10.14 02:15:28.568,1.70745,1.70803,1.00,1.00
2015.10.14 02:15:30.617,1.70745,1.70798,1.00,1.00
2015.10.14 02:15:31.472,1.70745,1.70804,1.00,1.00
2015.10.14 02:15:31.673,1.70745,1.70812,1.87,1.12
2015.10.14 02:15:31.724,1.70752,1.70812,1.00,1.00
2015.10.14 02:15:32.093,1.70754,1.70812,1.00,1.00
2015.10.14 02:15:32.429,1.70764,1.7082,1.00,1.60
2015.10.14 02:15:32.530,1.70764,1.7082,1.00,1.00
2015.10.14 02:15:32.631,1.7076,1.7082,1.00,1.00
2015.10.14 02:15:32.682,1.7076,1.70823,1.12,1.37
2015.10.14 02:15:32.733,1.70768,1.70826,1.00,1.00
2015.10.14 02:15:32.784,1.70768,1.70823,1.00,1.00
2015.10.14 02:15:33.524,1.70768,1.70827,1.00,1.00
2015.10.14 02:15:34.780,1.70768,1.70826,1.00,1.00
2015.10.14 02:15:35.289,1.70768,1.70827,1.00,1.00
2015.10.14 02:15:35.491,1.70764,1.70825,1.00,1.12
2015.10.14 02:15:35.593,1.7076,1.7082,1.50,1.35
2015.10.14 02:15:35.744,1.70755,1.70812,1.12,1.00
2015.10.14 02:15:35.845,1.70755,1.70814,1.12,1.00
2015.10.14 02:15:35.896,1.70751,1.70811,1.00,1.00
2015.10.14 02:15:36.421,1.70751,1.7081,1.00,1.00
2015.10.14 02:15:36.905,1.70744,1.70804,1.00,1.00
2015.10.14 02:15:38.469,1.70745,1.70804,1.00,1.00
2015.10.14 02:15:38.785,1.70745,1.70811,1.75,1.75
2015.10.14 02:15:38.836,1.70752,1.70811,1.00,1.00
2015.10.14 02:15:39.461,1.70752,1.70812,1.00,1.00
2015.10.14 02:15:40.019,1.70752,1.70809,1.00,1.00
2015.10.14 02:15:43.890,1.70752,1.70812,1.00,1.00
2015.10.14 02:15:46.059,1.70752,1.7081,1.00,1.00
2015.10.14 02:15:46.279,1.70752,1.70812,1.00,2.25
2015.10.14 02:15:46.699,1.70754,1.70812,1.00,2.25
2015.10.14 02:15:47.117,1.70752,1.70812,1.00,1.50
2015.10.14 02:15:47.175,1.70744,1.70808,1.12,1.87
2015.10.14 02:15:47.478,1.70744,1.708,1.00,1.87
2015.10.14 02:15:47.579,1.70733,1.70798,1.75,1.75
2015.10.14 02:15:48.152,1.7073,1.70793,1.12,1.00
2015.10.14 02:15:49.932,1.7073,1.7079,1.12,1.00
2015.10.14 02:15:52.814,1.7073,1.70794,1.12,1.12
2015.10.14 02:15:55.439,1.70734,1.70791,1.75,1.00
2015.10.14 02:15:59.075,1.70734,1.7079,1.75,1.00
2015.10.14 02:16:00.169,1.70734,1.70783,1.75,1.00
2015.10.14 02:16:00.220,1.70723,1.70783,1.50,1.12
2015.10.14 02:16:00.271,1.70723,1.70779,1.50,1.00
2015.10.14 02:16:00.664,1.70713,1.70769,1.75,1.00
2015.10.14 02:16:00.917,1.70713,1.70772,1.75,1.00
2015.10.14 02:16:01.126,1.70723,1.70772,1.00,1.37
2015.10.14 02:16:01.429,1.70723,1.70772,1.00,1.75
2015.10.14 02:16:01.631,1.70714,1.70772,1.00,1.75
2015.10.14 02:16:13.117,1.70713,1.7077,1.00,1.50
2015.10.14 02:16:15.834,1.70714,1.70769,1.00,1.37
2015.10.14 02:16:16.087,1.70714,1.70774,1.75,1.00
2015.10.14 02:16:16.188,1.70723,1.70776,1.00,1.50
2015.10.14 02:16:16.698,1.70724,1.70781,1.00,1.12
2015.10.14 02:16:17.470,1.70734,1.70781,1.00,1.12
2015.10.14 02:16:17.582,1.70723,1.70781,1.00,1.12
2015.10.14 02:16:18.130,1.70733,1.70781,1.00,1.12
2015.10.14 02:16:18.349,1.70724,1.70781,1.00,1.12
2015.10.14 02:16:20.243,1.70724,1.70774,1.00,1.00
2015.10.14 02:16:20.294,1.70724,1.70763,1.00,1.00
2015.10.14 02:16:20.345,1.70709,1.70763,1.12,1.00
2015.10.14 02:16:20.446,1.70704,1.70763,1.00,1.50
2015.10.14 02:16:20.597,1.70704,1.70759,1.00,1.12
2015.10.14 02:16:20.913,1.70693,1.70759,1.75,1.12
2015.10.14 02:16:21.015,1.70703,1.70759,1.00,1.12
2015.10.14 02:16:21.554,1.70704,1.70757,1.00,1.75
2015.10.14 02:16:23.630,1.70703,1.70759,1.00,1.12
2015.10.14 02:16:23.992,1.70694,1.70759,2.25,1.12
2015.10.14 02:16:24.093,1.70704,1.70759,1.00,1.12
2015.10.14 02:16:25.938,1.70703,1.70759,1.00,1.87
2015.10.14 02:16:26.615,1.70704,1.70759,1.00,1.12
2015.10.14 02:16:26.927,1.70707,1.70767,1.75,1.12
2015.10.14 02:16:26.978,1.70713,1.70772,1.00,1.75
2015.10.14 02:16:28.224,1.70713,1.70765,1.00,1.00
2015.10.14 02:16:28.382,1.70713,1.70767,1.00,1.12
2015.10.14 02:16:28.774,1.70713,1.70766,1.00,1.12
2015.10.14 02:16:29.633,1.70713,1.70759,1.00,1.00
2015.10.14 02:16:30.019,1.70713,1.70755,1.00,1.00
2015.10.14 02:16:32.869,1.70704,1.70755,1.00,1.00
2015.10.14 02:16:33.102,1.70714,1.70755,1.00,1.00
2015.10.14 02:16:34.430,1.70704,1.70755,1.00,1.00
2015.10.14 02:16:35.069,1.70703,1.70755,1.00,1.00
2015.10.14 02:16:36.171,1.70704,1.70755,1.00,1.00
2015.10.14 02:16:38.010,1.70706,1.70755,1.00,1.00
2015.10.14 02:16:38.111,1.70713,1.70772,1.00,1.12
2015.10.14 02:16:38.212,1.70714,1.70774,1.50,1.00
2015.10.14 02:16:38.313,1.7072,1.70786,1.75,2.25
2015.10.14 02:16:38.678,1.70726,1.70786,1.00,1.75
2015.10.14 02:16:39.008,1.70724,1.70787,1.00,1.87
2015.10.14 02:16:39.578,1.70723,1.70786,1.00,1.75
2015.10.14 02:16:39.798,1.70733,1.70786,1.00,1.75
2015.10.14 02:16:40.570,1.70723,1.70786,1.00,1.75
2015.10.14 02:16:42.191,1.70723,1.70782,1.00,1.12
2015.10.14 02:16:43.319,1.70724,1.70774,1.00,1.00
2015.10.14 02:16:46.069,1.70714,1.70774,1.00,1.00
2015.10.14 02:16:47.119,1.70713,1.70764,1.00,1.00
2015.10.14 02:16:47.518,1.70714,1.70757,1.00,1.00
2015.10.14 02:16:47.822,1.70714,1.70754,1.00,1.12
2015.10.14 02:16:48.079,1.70704,1.70754,1.00,1.12
2015.10.14 02:16:48.412,1.70703,1.70756,1.00,1.00
2015.10.14 02:16:49.630,1.70714,1.70756,1.00,1.00
2015.10.14 02:16:50.148,1.70704,1.70756,1.00,1.00
2015.10.14 02:16:50.300,1.70714,1.70756,1.00,1.00
2015.10.14 02:16:57.410,1.70704,1.70756,1.00,1.00
2015.10.14 02:17:01.610,1.70703,1.70756,1.00,1.00
2015.10.14 02:17:04.043,1.70703,1.7076,1.00,1.12
2015.10.14 02:17:06.788,1.70704,1.70754,1.00,1.00
2015.10.14 02:17:06.890,1.70695,1.70754,1.00,1.00
2015.10.14 02:17:07.078,1.70703,1.70754,1.00,1.00
2015.10.14 02:17:07.423,1.70714,1.7076,1.00,1.37
2015.10.14 02:17:07.474,1.70714,1.70762,1.00,1.50
2015.10.14 02:17:07.681,1.70704,1.70763,1.00,1.75
2015.10.14 02:17:08.094,1.70713,1.70764,1.00,1.75
2015.10.14 02:17:08.727,1.70714,1.70764,1.00,1.75
2015.10.14 02:17:09.308,1.70703,1.70764,1.00,1.75
2015.10.14 02:17:09.499,1.70714,1.70764,1.00,1.75
2015.10.14 02:17:18.561,1.70714,1.70771,1.00,1.75
2015.10.14 02:17:32.048,1.70713,1.70773,1.00,1.75
2015.10.14 02:17:32.585,1.70714,1.70775,1.00,1.87
2015.10.14 02:17:33.040,1.70705,1.70772,1.12,1.75
2015.10.14 02:17:33.192,1.70713,1.70772,1.00,1.75
2015.10.14 02:17:34.125,1.70714,1.70772,1.00,1.75
2015.10.14 02:17:37.200,1.70714,1.70772,1.00,1.12
2015.10.14 02:17:38.138,1.70714,1.70771,1.00,1.87
2015.10.14 02:17:39.088,1.70713,1.70771,1.00,1.87
2015.10.14 02:17:48.823,1.70705,1.70771,1.12,1.12
2015.10.14 02:17:49.025,1.70714,1.70771,1.00,1.12
2015.10.14 02:17:50.220,1.70713,1.70771,1.00,1.12
2015.10.14 02:17:50.770,1.70714,1.70771,1.00,1.12
2015.10.14 02:17:52.584,1.70714,1.70768,1.00,1.00
2015.10.14 02:18:00.676,1.70713,1.70768,1.00,1.00
2015.10.14 02:18:01.358,1.70714,1.70768,1.00,1.00
2015.10.14 02:18:08.367,1.70708,1.70768,1.00,1.00
2015.10.14 02:18:08.418,1.70704,1.70769,1.75,1.75
2015.10.14 02:18:08.469,1.70704,1.70769,1.75,1.75
2015.10.14 02:18:13.117,1.70713,1.70768,1.00,1.75
2015.10.14 02:18:14.750,1.70713,1.70768,1.75,1.00
2015.10.14 02:18:16.667,1.70714,1.70775,1.50,1.75
2015.10.14 02:18:16.819,1.70714,1.70779,1.87,1.87
2015.10.14 02:18:16.869,1.70719,1.70782,1.12,1.50
2015.10.14 02:18:16.970,1.70734,1.70782,1.00,1.50
2015.10.14 02:18:17.021,1.70734,1.70782,1.00,1.12
2015.10.14 02:18:22.946,1.70723,1.70778,1.50,1.00
2015.10.14 02:18:23.048,1.70724,1.70775,1.00,1.00
2015.10.14 02:18:23.150,1.70716,1.70775,1.00,1.00
2015.10.14 02:18:23.468,1.70716,1.70769,1.00,1.00
2015.10.14 02:18:23.577,1.70716,1.70773,1.00,1.00
2015.10.14 02:18:23.729,1.70716,1.70769,1.00,1.00
2015.10.14 02:18:24.232,1.70716,1.70768,1.00,1.00
2015.10.14 02:18:24.917,1.70716,1.70771,1.00,1.00
2015.10.14 02:18:25.119,1.70716,1.70776,1.00,1.50
2015.10.14 02:18:25.687,1.70717,1.70776,1.00,1.00
2015.10.14 02:18:25.788,1.70719,1.70776,1.00,1.00
2015.10.14 02:18:25.939,1.70724,1.70783,1.00,1.00
2015.10.14 02:18:25.990,1.70734,1.70783,1.00,1.00
2015.10.14 02:18:31.947,1.70733,1.7079,1.00,1.87
2015.10.14 02:18:31.998,1.70733,1.7079,1.50,1.12
2015.10.14 02:18:32.049,1.70744,1.70793,1.00,1.37
2015.10.14 02:18:32.201,1.70737,1.708,1.12,1.50
2015.10.14 02:18:32.251,1.70753,1.708,1.00,1.50
2015.10.14 02:18:32.775,1.70754,1.70802,1.00,1.12
2015.10.14 02:18:33.077,1.70773,1.70822,1.00,1.00
2015.10.14 02:18:33.280,1.70773,1.70828,1.00,1.00
2015.10.14 02:18:33.381,1.70783,1.70828,1.00,1.00
2015.10.14 02:18:33.822,1.70772,1.70828,1.00,1.00
2015.10.14 02:18:33.923,1.70772,1.70831,1.00,1.00
2015.10.14 02:18:34.282,1.70763,1.7083,1.75,1.12
2015.10.14 02:18:35.987,1.70762,1.70823,1.00,1.12
2015.10.14 02:18:36.387,1.70762,1.70814,1.00,1.00
2015.10.14 02:18:36.640,1.70741,1.70801,1.12,1.00
2015.10.14 02:18:36.842,1.7074,1.70801,1.37,1.37
2015.10.14 02:18:37.018,1.70737,1.70801,1.75,1.75
2015.10.14 02:18:38.843,1.70744,1.70801,1.00,1.75
2015.10.14 02:18:43.517,1.70744,1.70803,1.60,1.75
2015.10.14 02:18:43.838,1.70774,1.70812,1.00,1.00
2015.10.14 02:18:43.889,1.70774,1.70821,1.00,1.50
2015.10.14 02:18:43.940,1.70764,1.7082,1.50,1.00
2015.10.14 02:18:44.041,1.70774,1.70828,1.00,1.75
2015.10.14 02:18:44.143,1.70763,1.70827,1.75,1.75
2015.10.14 02:18:44.559,1.70773,1.70828,1.00,1.75
2015.10.14 02:18:45.576,1.70763,1.70829,1.75,1.75
2015.10.14 02:18:47.778,1.70761,1.70825,1.37,1.12
2015.10.14 02:18:47.829,1.70759,1.70822,1.00,1.12
2015.10.14 02:18:48.341,1.70763,1.70822,1.00,1.12
2015.10.14 02:18:50.505,1.70754,1.70822,1.75,1.87
2015.10.14 02:18:50.657,1.70774,1.70822,1.00,1.12
2015.10.14 02:18:50.909,1.70774,1.70829,1.00,1.12
2015.10.14 02:18:52.058,1.70762,1.70828,1.50,1.75
2015.10.14 02:18:52.210,1.70764,1.7082,1.00,1.12
2015.10.14 02:18:52.831,1.70755,1.7082,1.37,1.12
2015.10.14 02:18:53.064,1.70763,1.70819,1.00,1.75
2015.10.14 02:18:56.991,1.70755,1.7082,1.37,1.12
2015.10.14 02:18:57.395,1.70753,1.70816,1.37,1.12
2015.10.14 02:18:58.000,1.70754,1.70807,1.00,1.12
2015.10.14 02:18:58.661,1.70744,1.70805,1.00,1.12
2015.10.14 02:18:59.317,1.70744,1.70797,1.00,1.12
2015.10.14 02:18:59.468,1.70734,1.70789,1.00,1.12
2015.10.14 02:18:59.602,1.70733,1.70785,1.00,1.12
2015.10.14 02:18:59.653,1.70724,1.70783,1.00,1.12
2015.10.14 02:18:59.855,1.70734,1.70783,1.00,1.12
2015.10.14 02:19:04.280,1.70724,1.70783,1.00,1.12
2015.10.14 02:19:04.685,1.70733,1.70783,1.00,1.12
2015.10.14 02:19:04.837,1.70724,1.70783,1.00,1.12
2015.10.14 02:19:11.939,1.70724,1.70771,1.00,1.12
2015.10.14 02:19:12.948,1.70723,1.70771,1.00,1.12
2015.10.14 02:19:13.497,1.70724,1.70771,1.00,1.12
2015.10.14 02:19:13.842,1.70713,1.70771,1.00,1.12
2015.10.14 02:19:13.943,1.70724,1.70771,1.00,1.12
2015.10.14 02:19:14.516,1.70723,1.70771,1.00,1.12
2015.10.14 02:19:14.826,1.70713,1.70771,1.00,1.12
2015.10.14 02:19:14.928,1.70724,1.70771,1.00,1.12
2015.10.14 02:19:15.584,1.70723,1.70771,1.00,1.12
2015.10.14 02:19:19.327,1.70714,1.70771,1.00,1.12
2015.10.14 02:19:19.561,1.70724,1.70779,1.00,1.87
2015.10.14 02:19:22.616,1.70723,1.70778,1.00,1.75
2015.10.14 02:19:23.173,1.70724,1.70778,1.00,1.75
2015.10.14 02:19:29.135,1.70723,1.70779,1.00,2.62
2015.10.14 02:19:29.666,1.70724,1.70779,1.00,1.12
2015.10.14 02:19:29.984,1.70734,1.70779,1.00,1.12
2015.10.14 02:19:34.069,1.70733,1.70787,1.00,1.87
2015.10.14 02:19:34.584,1.70734,1.70787,1.00,1.12
2015.10.14 02:19:37.614,1.70733,1.70787,1.00,1.12
2015.10.14 02:19:37.769,1.70733,1.70793,1.00,1.75
2015.10.14 02:19:39.699,1.70744,1.70794,1.00,1.87
2015.10.14 02:19:40.112,1.70743,1.70802,1.00,1.75
2015.10.14 02:19:40.463,1.70743,1.70806,1.37,1.12
2015.10.14 02:19:40.514,1.70751,1.70812,1.00,1.12
2015.10.14 02:19:41.136,1.70754,1.70812,1.00,1.12
2015.10.14 02:19:41.186,1.70754,1.7082,1.75,1.12
2015.10.14 02:19:42.316,1.70764,1.7082,1.00,1.12
2015.10.14 02:19:44.860,1.70753,1.70814,1.75,1.50
2015.10.14 02:19:49.364,1.70764,1.70817,1.00,1.75
2015.10.14 02:19:49.994,1.70764,1.70821,1.00,1.00
2015.10.14 02:19:50.711,1.70763,1.70815,1.00,1.00
2015.10.14 02:19:50.812,1.70764,1.70818,1.00,1.00
2015.10.14 02:19:50.913,1.70764,1.70816,1.00,1.12
2015.10.14 02:19:53.888,1.70754,1.70816,1.00,1.12
2015.10.14 02:19:54.420,1.70753,1.70809,1.00,1.12
2015.10.14 02:19:54.672,1.70744,1.70808,1.50,1.75
2015.10.14 02:19:55.178,1.70743,1.70801,1.75,1.00
2015.10.14 02:20:02.170,1.70744,1.70803,1.50,1.50
2015.10.14 02:20:08.674,1.70749,1.70816,1.75,1.87
2015.10.14 02:20:09.027,1.70759,1.70819,1.00,1.00
2015.10.14 02:20:09.078,1.70763,1.70819,1.00,1.00
2015.10.14 02:20:09.582,1.70764,1.70819,1.00,1.00
2015.10.14 02:20:09.885,1.70774,1.70832,1.00,1.75
2015.10.14 02:20:10.313,1.70774,1.70837,1.87,1.12
2015.10.14 02:20:10.364,1.70774,1.70842,1.75,1.75
2015.10.14 02:20:10.626,1.70784,1.7085,1.75,1.87
2015.10.14 02:20:11.079,1.70788,1.7085,1.00,1.12
2015.10.14 02:20:11.560,1.70794,1.7085,1.00,1.12
2015.10.14 02:20:13.260,1.70788,1.7085,1.00,1.12
2015.10.14 02:20:13.363,1.7079,1.7085,1.00,1.12
2015.10.14 02:20:13.765,1.70794,1.7085,1.00,1.12
2015.10.14 02:20:14.557,1.7079,1.7085,1.00,1.12
2015.10.14 02:20:15.080,1.70788,1.7085,1.00,1.12
2015.10.14 02:20:15.132,1.70784,1.70848,1.75,1.75
2015.10.14 02:20:15.743,1.70783,1.70837,1.00,1.00
2015.10.14 02:20:16.096,1.70777,1.70837,1.00,1.00
2015.10.14 02:20:20.877,1.70779,1.70837,1.00,1.00
2015.10.14 02:20:21.506,1.70777,1.70837,1.50,1.00
2015.10.14 02:20:24.752,1.7078,1.70837,1.00,1.00
2015.10.14 02:20:25.119,1.70784,1.70837,1.00,1.00
2015.10.14 02:20:32.396,1.70784,1.70838,1.00,1.00
2015.10.14 02:20:32.713,1.70784,1.70834,1.00,1.12
2015.10.14 02:20:32.814,1.70773,1.70834,1.00,1.12
2015.10.14 02:20:34.116,1.70767,1.70834,2.10,1.12
2015.10.14 02:20:34.167,1.70772,1.70833,1.00,1.75
2015.10.14 02:20:34.514,1.70774,1.70836,1.00,1.87
2015.10.14 02:20:34.816,1.70771,1.70836,1.37,1.12
2015.10.14 02:20:34.918,1.70775,1.70836,1.00,1.12
2015.10.14 02:20:35.906,1.70783,1.70835,1.00,1.75
2015.10.14 02:20:36.108,1.70774,1.70835,1.00,1.75
2015.10.14 02:20:36.159,1.70774,1.70832,1.00,1.12
2015.10.14 02:20:37.125,1.70773,1.70828,1.00,1.12
2015.10.14 02:20:37.635,1.70774,1.70828,1.00,1.87
2015.10.14 02:20:40.074,1.70774,1.70833,1.12,1.50
2015.10.14 02:20:40.427,1.70782,1.70838,1.00,1.12
2015.10.14 02:20:40.478,1.70782,1.70844,1.12,1.75
2015.10.14 02:20:40.529,1.70784,1.70846,1.00,1.12
2015.10.14 02:20:40.680,1.70786,1.70849,1.12,1.00
2015.10.14 02:20:40.731,1.70794,1.70849,1.00,1.00
2015.10.14 02:20:40.883,1.708,1.70863,1.75,1.75
2015.10.14 02:20:41.438,1.70803,1.70863,1.00,1.35
2015.10.14 02:20:41.489,1.70804,1.70851,1.00,1.00
2015.10.14 02:20:41.641,1.70794,1.70851,1.00,1.00
2015.10.14 02:20:41.842,1.70791,1.70851,1.00,1.00
2015.10.14 02:20:41.893,1.70791,1.70848,1.00,1.00
2015.10.14 02:20:42.179,1.70791,1.70851,1.00,1.50
2015.10.14 02:20:42.605,1.70794,1.70851,1.00,1.50
2015.10.14 02:20:43.525,1.70794,1.70851,1.00,2.10
2015.10.14 02:20:44.125,1.70785,1.70844,1.00,2.10
2015.10.14 02:20:59.732,1.70783,1.70844,1.75,1.67
2015.10.14 02:21:02.660,1.70794,1.70844,1.00,1.67
2015.10.14 02:21:18.789,1.70793,1.70844,1.00,1.67
2015.10.14 02:21:20.586,1.70794,1.70844,1.00,1.67
2015.10.14 02:21:27.615,1.70785,1.7085,1.50,1.87
2015.10.14 02:21:27.666,1.70785,1.7085,1.75,1.75
2015.10.14 02:21:27.716,1.70793,1.70851,1.00,1.75
2015.10.14 02:21:28.018,1.70795,1.70853,1.00,1.12
2015.10.14 02:21:31.275,1.70794,1.70853,1.00,1.12
2015.10.14 02:21:37.264,1.70794,1.70848,1.00,1.35
2015.10.14 02:21:40.626,1.70794,1.70842,1.00,1.00
2015.10.14 02:21:41.577,1.70784,1.70842,1.75,1.00
2015.10.14 02:21:43.487,1.70788,1.70842,1.00,1.00
2015.10.14 02:21:43.693,1.70788,1.70844,1.00,1.00
2015.10.14 02:21:43.925,1.70788,1.70847,1.00,1.00
2015.10.14 02:21:44.026,1.70804,1.70847,1.00,1.00
2015.10.14 02:22:02.254,1.70803,1.70847,1.00,1.00
2015.10.14 02:22:03.422,1.70804,1.70847,1.00,1.00
2015.10.14 02:22:08.335,1.70803,1.70847,1.00,1.00
2015.10.14 02:22:08.437,1.70803,1.7085,1.00,1.30
2015.10.14 02:22:23.849,1.70804,1.70855,1.00,1.00
2015.10.14 02:22:24.051,1.70813,1.70863,1.00,1.50
2015.10.14 02:22:24.253,1.70813,1.70872,1.00,1.75
2015.10.14 02:22:24.826,1.70814,1.70872,1.00,1.75
2015.10.14 02:22:32.613,1.70813,1.70869,1.00,1.12
2015.10.14 02:22:37.564,1.70814,1.70869,1.00,1.12
2015.10.14 02:22:38.138,1.70814,1.70866,1.00,1.12
2015.10.14 02:22:48.783,1.70803,1.70863,1.00,1.75
2015.10.14 02:22:50.558,1.70814,1.70866,1.00,1.87
2015.10.14 02:22:50.965,1.70814,1.70867,1.00,1.12
2015.10.14 02:22:51.446,1.70814,1.70873,1.37,1.67
2015.10.14 02:22:51.497,1.70816,1.70875,1.00,1.60
2015.10.14 02:22:51.548,1.70823,1.70875,1.00,1.60
2015.10.14 02:22:51.649,1.70816,1.70875,1.00,1.60
2015.10.14 02:22:51.800,1.70816,1.70875,1.00,1.00
2015.10.14 02:22:52.006,1.70833,1.70875,1.00,1.00
2015.10.14 02:22:52.107,1.70828,1.70896,1.75,1.87
2015.10.14 02:22:52.208,1.70844,1.70896,1.00,1.87
2015.10.14 02:22:52.685,1.70844,1.70904,1.00,1.75
2015.10.14 02:22:55.273,1.70843,1.70906,1.00,1.12
2015.10.14 02:22:55.374,1.70844,1.70909,1.12,1.50
2015.10.14 02:23:01.355,1.70852,1.70916,1.37,1.87
2015.10.14 02:23:01.405,1.70852,1.70916,1.75,1.50
2015.10.14 02:23:01.557,1.70862,1.70924,1.37,1.12
2015.10.14 02:23:01.608,1.70862,1.70926,1.75,1.75
2015.10.14 02:23:02.217,1.70872,1.70929,1.00,1.12
2015.10.14 02:23:02.318,1.70886,1.7095,1.50,2.25
2015.10.14 02:23:02.570,1.70891,1.70953,1.00,1.12
2015.10.14 02:23:02.873,1.70893,1.70953,1.00,1.12
2015.10.14 02:23:04.230,1.70884,1.7095,1.75,1.75
2015.10.14 02:23:04.332,1.70886,1.70953,2.10,1.12
2015.10.14 02:23:04.635,1.70903,1.70967,1.87,1.12
2015.10.14 02:23:06.495,1.70903,1.70964,1.12,1.00
2015.10.14 02:23:08.082,1.70903,1.70968,1.12,1.87
2015.10.14 02:23:09.284,1.70904,1.70967,1.37,1.87
2015.10.14 02:23:09.335,1.70904,1.70964,1.00,1.12
2015.10.14 02:23:09.536,1.70904,1.70955,1.00,1.00
2015.10.14 02:23:09.638,1.70886,1.70954,1.12,2.25
2015.10.14 02:23:09.789,1.70886,1.70946,1.12,2.10
2015.10.14 02:23:10.028,1.70874,1.70921,1.50,1.60
2015.10.14 02:23:10.130,1.70856,1.70917,1.12,1.60
2015.10.14 02:23:10.231,1.70856,1.7092,1.12,1.35
2015.10.14 02:23:10.389,1.70854,1.70916,1.75,1.72
2015.10.14 02:23:10.439,1.70854,1.70916,1.12,2.10
2015.10.14 02:23:12.405,1.70854,1.70916,1.50,1.72
2015.10.14 02:23:12.456,1.70855,1.70916,1.12,1.35
2015.10.14 02:23:13.332,1.70864,1.7092,1.00,1.35
2015.10.14 02:23:14.002,1.70855,1.70917,1.12,1.60
2015.10.14 02:23:14.339,1.70864,1.7092,1.00,1.35
2015.10.14 02:23:17.522,1.70864,1.70924,1.00,1.75
2015.10.14 02:23:17.687,1.70866,1.70926,1.00,1.00
2015.10.14 02:23:18.092,1.70874,1.70926,1.00,1.00
2015.10.14 02:23:18.193,1.70866,1.70926,1.00,1.00
2015.10.14 02:23:18.294,1.70866,1.70933,1.12,1.87
2015.10.14 02:23:18.345,1.70874,1.70933,1.00,1.50
2015.10.14 02:23:18.900,1.70874,1.70941,1.12,1.12
2015.10.14 02:23:18.951,1.70884,1.70946,1.00,2.62
2015.10.14 02:23:19.707,1.70883,1.70946,1.00,1.87
2015.10.14 02:23:29.072,1.70884,1.70943,1.00,1.75
2015.10.14 02:23:29.324,1.70883,1.70937,1.00,1.37
2015.10.14 02:23:29.375,1.7087,1.70936,1.75,1.75
2015.10.14 02:23:29.533,1.7087,1.70932,1.37,1.37
2015.10.14 02:23:29.583,1.7087,1.70926,1.00,1.00
2015.10.14 02:23:29.634,1.70866,1.70926,1.00,1.00
2015.10.14 02:23:36.453,1.70866,1.70923,1.00,1.00
2015.10.14 02:23:36.662,1.70854,1.70921,1.87,1.75
2015.10.14 02:23:37.420,1.70854,1.70915,1.12,1.00
2015.10.14 02:23:37.685,1.70853,1.70911,1.00,1.50
2015.10.14 02:23:37.736,1.70853,1.70907,1.00,1.00
2015.10.14 02:23:37.887,1.70841,1.70901,1.00,1.50
2015.10.14 02:23:38.190,1.70841,1.70896,1.00,1.00
2015.10.14 02:23:38.291,1.70833,1.70896,1.50,1.75
2015.10.14 02:23:38.883,1.70834,1.70891,1.12,1.00
2015.10.14 02:23:39.425,1.70834,1.70893,1.12,1.50
2015.10.14 02:23:42.056,1.70838,1.70898,1.00,1.12
2015.10.14 02:23:42.106,1.70845,1.70904,1.00,1.00
2015.10.14 02:23:42.258,1.70854,1.70904,1.00,1.00
2015.10.14 02:23:43.788,1.70845,1.70904,1.00,1.00
2015.10.14 02:23:46.111,1.70854,1.70904,1.00,1.00
2015.10.14 02:23:51.592,1.70854,1.70912,1.00,1.87
2015.10.14 02:23:54.376,1.70853,1.70914,1.12,1.75
2015.10.14 02:23:54.679,1.70853,1.70919,1.87,1.75
2015.10.14 02:23:54.730,1.70856,1.70919,1.12,1.00
2015.10.14 02:23:55.276,1.70857,1.70923,1.75,1.75
2015.10.14 02:23:55.377,1.70864,1.70923,1.00,1.75
2015.10.14 02:23:55.529,1.70864,1.70927,1.75,1.00
2015.10.14 02:23:56.044,1.70864,1.70932,1.75,1.75
2015.10.14 02:24:03.512,1.70873,1.70933,1.00,1.75
2015.10.14 02:24:03.710,1.70873,1.70933,1.75,1.00
2015.10.14 02:24:08.163,1.70873,1.70931,1.75,1.00
2015.10.14 02:24:08.510,1.70874,1.70924,1.00,1.00
2015.10.14 02:24:09.031,1.70874,1.70925,1.00,1.00
2015.10.14 02:24:10.641,1.70865,1.70925,1.00,1.00
2015.10.14 02:24:10.743,1.70874,1.70925,1.00,1.00
2015.10.14 02:24:11.316,1.70865,1.70924,1.00,1.00
2015.10.14 02:24:11.521,1.7087,1.70924,2.10,1.00
2015.10.14 02:24:11.622,1.70886,1.70933,1.35,1.00
2015.10.14 02:24:11.673,1.70886,1.70937,1.35,1.00
2015.10.14 02:24:11.774,1.70894,1.70946,1.00,1.75
2015.10.14 02:24:11.875,1.70888,1.70945,1.00,1.35
2015.10.14 02:24:11.976,1.7088,1.70936,1.87,1.00
2015.10.14 02:24:12.206,1.70863,1.70921,1.00,1.50
2015.10.14 02:24:12.308,1.70863,1.70913,1.00,1.00
2015.10.14 02:24:12.461,1.70854,1.70913,1.00,1.75
2015.10.14 02:24:12.975,1.70853,1.70913,1.00,1.75
2015.10.14 02:24:13.478,1.70854,1.70913,1.00,1.75
2015.10.14 02:24:14.801,1.70844,1.70913,1.87,1.75
2015.10.14 02:24:15.231,1.70844,1.70907,1.00,1.12
2015.10.14 02:24:18.369,1.70839,1.70907,1.75,1.12
2015.10.14 02:24:18.673,1.70827,1.70888,1.12,1.00
2015.10.14 02:24:18.870,1.70824,1.70883,1.50,1.00
2015.10.14 02:24:20.297,1.70828,1.70883,1.12,1.00
2015.10.14 02:24:20.348,1.70828,1.70894,1.12,1.12
2015.10.14 02:24:20.398,1.70828,1.7089,1.12,1.00
2015.10.14 02:24:20.702,1.70824,1.7088,1.00,1.75
2015.10.14 02:24:21.009,1.70823,1.70876,1.00,1.12
2015.10.14 02:24:24.059,1.70813,1.70876,1.00,1.12
2015.10.14 02:24:24.211,1.70813,1.7087,1.00,1.12
2015.10.14 02:24:24.413,1.70796,1.7086,1.87,1.37
2015.10.14 02:24:24.464,1.70796,1.70856,1.50,1.00
2015.10.14 02:24:31.662,1.70794,1.70856,1.37,1.12
2015.10.14 02:24:31.713,1.70794,1.70853,1.00,1.12
2015.10.14 02:24:37.521,1.70794,1.70853,1.60,1.12
2015.10.14 02:24:37.723,1.70813,1.70864,1.60,1.50
2015.10.14 02:24:37.925,1.70808,1.70857,2.25,1.00
2015.10.14 02:24:38.127,1.70794,1.70856,1.12,1.60
2015.10.14 02:24:38.178,1.70793,1.70855,1.75,1.35
2015.10.14 02:24:38.229,1.70793,1.70852,1.00,1.12
2015.10.14 02:24:38.762,1.70794,1.70852,1.00,1.12
2015.10.14 02:24:38.927,1.70787,1.70852,1.50,1.12
2015.10.14 02:24:39.035,1.70794,1.70852,1.00,1.12
2015.10.14 02:24:47.394,1.70794,1.70858,1.12,1.87
2015.10.14 02:24:51.674,1.70794,1.7086,2.62,1.12
2015.10.14 02:24:51.725,1.708,1.7086,1.00,1.00
2015.10.14 02:25:08.294,1.70794,1.70861,1.12,1.12
2015.10.14 02:25:08.344,1.70793,1.7086,1.75,1.12
2015.10.14 02:25:26.251,1.70793,1.70859,1.75,1.75
2015.10.14 02:25:26.352,1.70793,1.70859,1.75,1.75
2015.10.14 02:25:28.727,1.70801,1.70862,1.00,1.12
2015.10.14 02:25:31.070,1.708,1.70862,1.00,1.12
2015.10.14 02:25:32.131,1.70803,1.70862,1.00,1.12
2015.10.14 02:25:32.606,1.70795,1.70861,1.75,1.75
2015.10.14 02:25:42.467,1.70793,1.70858,1.37,1.12
2015.10.14 02:25:42.518,1.70793,1.70852,1.00,1.00
2015.10.14 02:25:43.133,1.70794,1.70851,1.00,1.00
2015.10.14 02:25:44.030,1.70792,1.70851,1.00,1.00
2015.10.14 02:25:46.320,1.70792,1.70852,1.00,1.00
2015.10.14 02:25:47.868,1.70792,1.70852,1.60,1.00
2015.10.14 02:25:48.269,1.70804,1.70852,1.00,1.00
2015.10.14 02:25:50.962,1.70803,1.70852,1.00,1.00
2015.10.14 02:25:52.438,1.70804,1.70852,1.00,1.00
2015.10.14 02:25:56.147,1.70797,1.70852,1.60,1.00
2015.10.14 02:25:56.350,1.70804,1.70852,1.00,1.00
2015.10.14 02:26:04.444,1.70804,1.70861,1.00,1.12
2015.10.14 02:26:07.707,1.70803,1.70861,1.00,1.12
2015.10.14 02:26:09.709,1.70813,1.70861,1.00,1.12
2015.10.14 02:26:09.860,1.70813,1.70872,1.00,1.87
2015.10.14 02:26:10.410,1.70814,1.7087,1.00,1.75
2015.10.14 02:26:10.917,1.70813,1.7087,1.00,1.75
2015.10.14 02:26:10.981,1.70804,1.7087,1.75,1.75
2015.10.14 02:26:11.092,1.70813,1.7087,1.00,1.75
2015.10.14 02:26:11.970,1.70814,1.7087,1.00,1.75
2015.10.14 02:26:12.279,1.70814,1.70862,1.00,1.12
2015.10.14 02:26:12.330,1.70803,1.70862,1.00,1.12
2015.10.14 02:26:12.431,1.70803,1.70856,1.00,1.37
2015.10.14 02:26:12.750,1.70804,1.70854,1.00,1.12
2015.10.14 02:26:18.349,1.70814,1.70854,1.00,1.12
2015.10.14 02:26:19.927,1.70803,1.70854,1.00,1.12
2015.10.14 02:26:21.143,1.70797,1.70854,1.60,1.12
2015.10.14 02:26:21.409,1.70794,1.70849,1.00,1.37
2015.10.14 02:26:21.561,1.70794,1.70848,1.00,1.12
2015.10.14 02:26:21.899,1.70784,1.70844,1.00,1.87
2015.10.14 02:26:22.425,1.70783,1.70844,1.00,1.87
2015.10.14 02:26:22.665,1.70787,1.70844,1.00,1.12
2015.10.14 02:26:23.030,1.70793,1.70844,1.00,1.12
2015.10.14 02:26:23.334,1.70787,1.70844,1.00,1.12
2015.10.14 02:26:23.409,1.70793,1.70844,1.00,1.12
2015.10.14 02:26:23.870,1.70787,1.70844,1.00,1.12
2015.10.14 02:26:23.986,1.70784,1.70844,1.50,1.12
2015.10.14 02:26:24.087,1.70786,1.70844,1.00,1.12
2015.10.14 02:26:24.400,1.70793,1.70844,1.00,1.12
2015.10.14 02:26:25.060,1.70786,1.70844,1.00,1.12
2015.10.14 02:26:26.469,1.70787,1.70844,1.00,1.12
2015.10.14 02:26:28.604,1.70788,1.70844,1.00,1.12
2015.10.14 02:26:37.820,1.70794,1.70844,1.00,1.12
2015.10.14 02:26:38.829,1.70784,1.70844,1.00,1.12
2015.10.14 02:26:39.135,1.70787,1.70844,1.00,1.12
2015.10.14 02:26:39.236,1.70787,1.70853,1.75,1.87
2015.10.14 02:26:39.410,1.70794,1.70853,1.00,1.87
2015.10.14 02:26:39.813,1.70786,1.70852,1.75,1.75
2015.10.14 02:26:39.914,1.70793,1.70852,1.00,1.75
2015.10.14 02:26:40.217,1.70796,1.70853,1.00,1.12
2015.10.14 02:26:42.547,1.70793,1.70853,1.00,1.12
2015.10.14 02:26:52.574,1.70787,1.70853,1.75,1.12
2015.10.14 02:26:52.983,1.70785,1.70846,1.37,1.37
2015.10.14 02:26:53.035,1.70785,1.70846,1.00,1.75
2015.10.14 02:26:53.136,1.70779,1.70846,1.75,2.25
2015.10.14 02:26:53.700,1.70784,1.70846,1.00,1.75
2015.10.14 02:26:54.438,1.70777,1.70844,1.87,3.00
2015.10.14 02:26:59.912,1.70785,1.70847,1.00,1.12
2015.10.14 02:27:02.802,1.70789,1.70847,1.00,1.12
2015.10.14 02:27:04.833,1.70789,1.70853,1.37,2.62
2015.10.14 02:27:04.884,1.70789,1.70853,1.75,2.25
2015.10.14 02:27:05.429,1.7079,1.70847,1.75,1.00
2015.10.14 02:27:06.326,1.70792,1.70846,1.75,1.00
2015.10.14 02:27:08.440,1.70792,1.70855,1.75,1.35
2015.10.14 02:27:18.410,1.70794,1.7085,1.12,1.00
2015.10.14 02:27:19.289,1.7079,1.70846,1.75,1.00
2015.10.14 02:27:20.970,1.70795,1.70846,1.00,1.00
2015.10.14 02:27:21.410,1.70795,1.70851,1.00,1.00
2015.10.14 02:27:26.328,1.70795,1.70846,1.00,1.00
2015.10.14 02:27:28.338,1.70795,1.7085,1.00,1.00
2015.10.14 02:27:30.399,1.70795,1.70847,1.00,1.00
2015.10.14 02:27:33.382,1.70795,1.70852,1.00,1.00
2015.10.14 02:27:33.485,1.70795,1.70855,1.00,1.50
2015.10.14 02:27:36.604,1.70793,1.70855,1.50,1.50
2015.10.14 02:27:39.428,1.70793,1.70853,1.50,1.00
2015.10.14 02:27:49.528,1.70793,1.70855,1.50,1.67
2015.10.14 02:27:52.471,1.70793,1.70856,1.75,1.97
2015.10.14 02:27:52.940,1.70794,1.70856,1.12,1.60
2015.10.14 02:28:00.051,1.70796,1.70856,2.25,1.00
2015.10.14 02:28:00.102,1.70797,1.7086,1.75,1.50
2015.10.14 02:28:02.501,1.70804,1.70866,1.37,1.75
2015.10.14 02:28:02.551,1.70807,1.70866,1.67,1.12
2015.10.14 02:28:02.602,1.70812,1.70866,1.75,1.12
2015.10.14 02:28:02.856,1.70835,1.70895,1.60,1.15
2015.10.14 02:28:02.957,1.70844,1.70895,1.00,1.00
2015.10.14 02:28:03.058,1.70844,1.70906,1.75,1.50
2015.10.14 02:28:03.214,1.70853,1.70908,1.00,1.75
2015.10.14 02:28:03.367,1.70856,1.70912,1.35,1.00
2015.10.14 02:28:03.418,1.70864,1.70912,1.00,1.00
2015.10.14 02:28:03.520,1.70864,1.70924,1.37,2.25
2015.10.14 02:28:03.571,1.70864,1.70924,1.75,1.00
2015.10.14 02:28:03.622,1.70869,1.70926,1.00,1.37
2015.10.14 02:28:04.025,1.70869,1.70931,1.37,1.12
2015.10.14 02:28:04.076,1.70869,1.70933,1.87,1.12
2015.10.14 02:28:04.277,1.70869,1.70935,1.87,2.25
2015.10.14 02:28:12.263,1.70868,1.70926,1.00,1.12
2015.10.14 02:28:12.314,1.70857,1.70923,1.75,1.75
2015.10.14 02:28:12.415,1.70856,1.70913,1.12,1.00
2015.10.14 02:28:12.567,1.70846,1.70913,1.12,1.75
2015.10.14 02:28:12.719,1.70844,1.70909,1.75,1.37
2015.10.14 02:28:12.769,1.70844,1.70903,1.00,1.00
2015.10.14 02:28:13.428,1.70848,1.70903,1.00,1.00
2015.10.14 02:28:13.719,1.70851,1.70916,1.75,1.75
2015.10.14 02:28:13.771,1.70856,1.70916,1.00,1.75
2015.10.14 02:28:14.023,1.70861,1.70921,1.00,1.00
2015.10.14 02:28:16.906,1.70856,1.70918,1.00,1.12
2015.10.14 02:28:16.957,1.70849,1.70911,1.75,1.00
2015.10.14 02:28:17.008,1.70849,1.7091,1.00,1.12
2015.10.14 02:28:17.199,1.70843,1.70906,1.75,1.75
2015.10.14 02:28:19.277,1.70846,1.7091,1.35,1.87
2015.10.14 02:28:19.429,1.70858,1.7091,1.60,1.00
2015.10.14 02:28:19.481,1.70873,1.7091,1.00,1.00
2015.10.14 02:28:19.531,1.70873,1.70918,1.00,1.12
2015.10.14 02:28:19.582,1.70873,1.7092,1.00,1.37
2015.10.14 02:28:19.633,1.70873,1.70925,1.00,1.75
2015.10.14 02:28:19.952,1.70874,1.70934,1.00,2.05
2015.10.14 02:28:20.053,1.70864,1.70926,1.75,1.00
2015.10.14 02:28:20.104,1.70864,1.70926,1.37,1.37
2015.10.14 02:28:20.155,1.70864,1.70921,1.00,1.00
2015.10.14 02:28:20.568,1.70861,1.70921,1.00,1.00
2015.10.14 02:28:21.550,1.70861,1.70919,1.00,1.00
2015.10.14 02:28:21.751,1.70854,1.70917,1.00,1.75
2015.10.14 02:28:22.898,1.70851,1.70917,3.00,2.25
2015.10.14 02:28:26.423,1.70858,1.70917,1.00,1.75
2015.10.14 02:28:26.766,1.70863,1.70919,1.00,1.12
2015.10.14 02:28:26.867,1.70863,1.70928,1.75,1.75
2015.10.14 02:28:27.543,1.7087,1.7093,1.00,1.12
2015.10.14 02:28:28.296,1.70868,1.70931,1.00,1.12
2015.10.14 02:28:30.907,1.70865,1.70931,3.00,1.12
2015.10.14 02:28:31.510,1.70868,1.70931,1.00,1.12
2015.10.14 02:28:37.434,1.70867,1.70931,1.12,1.12
2015.10.14 02:28:37.837,1.70861,1.70923,1.12,1.00
2015.10.14 02:28:37.988,1.70855,1.70923,2.25,1.87
2015.10.14 02:28:38.906,1.70855,1.70915,1.00,1.12
2015.10.14 02:28:39.058,1.70843,1.70902,1.00,1.00
2015.10.14 02:28:42.174,1.70844,1.70913,1.87,1.75
2015.10.14 02:28:42.477,1.70853,1.70916,1.75,1.12
2015.10.14 02:28:42.830,1.70857,1.70916,1.12,1.00
2015.10.14 02:28:45.229,1.70862,1.70926,1.75,1.50
2015.10.14 02:28:49.959,1.70874,1.70928,1.00,1.37
2015.10.14 02:28:50.161,1.70897,1.70964,1.12,1.12
2015.10.14 02:28:50.413,1.70898,1.70965,1.87,1.50
2015.10.14 02:28:50.661,1.70898,1.70962,1.12,1.00
2015.10.14 02:28:50.715,1.70896,1.70958,1.00,1.00
2015.10.14 02:28:51.237,1.70896,1.70957,1.00,1.00
2015.10.14 02:28:52.367,1.70896,1.70958,1.00,1.00
2015.10.14 02:28:52.993,1.70896,1.70957,1.00,1.00
2015.10.14 02:28:54.275,1.70896,1.70956,1.50,1.00
2015.10.14 02:28:55.132,1.70897,1.70957,1.00,1.00
2015.10.14 02:28:55.233,1.70901,1.70958,1.00,1.00
2015.10.14 02:28:55.603,1.70902,1.70966,1.12,1.00
2015.10.14 02:28:57.852,1.70902,1.70967,1.87,1.00
2015.10.14 02:29:00.366,1.70902,1.70966,1.12,1.00
2015.10.14 02:29:03.870,1.70902,1.70964,1.12,1.00
2015.10.14 02:29:03.920,1.70895,1.70964,1.75,1.75
2015.10.14 02:29:04.223,1.70895,1.70956,1.75,1.00
2015.10.14 02:29:05.027,1.70898,1.70965,1.12,1.12
2015.10.14 02:29:05.380,1.709,1.70965,1.00,1.12
2015.10.14 02:29:05.531,1.709,1.70969,1.75,1.50
2015.10.14 02:29:05.582,1.709,1.70966,1.75,1.00
2015.10.14 02:29:09.230,1.70912,1.70966,1.00,1.00
2015.10.14 02:29:09.607,1.70912,1.70973,1.00,1.00
2015.10.14 02:29:11.586,1.70912,1.70967,1.00,1.00
2015.10.14 02:29:13.386,1.70912,1.70974,1.00,1.00
2015.10.14 02:29:13.595,1.70914,1.70974,1.00,1.00
2015.10.14 02:29:14.249,1.70912,1.70967,1.00,1.00
2015.10.14 02:29:15.356,1.70914,1.7097,1.00,1.00
2015.10.14 02:29:15.722,1.70914,1.70973,1.00,1.00
2015.10.14 02:29:15.773,1.70912,1.70973,1.00,1.00
2015.10.14 02:29:16.126,1.70912,1.7097,1.00,1.00
2015.10.14 02:29:16.466,1.70912,1.70967,1.00,1.00
2015.10.14 02:29:17.130,1.70914,1.70972,1.00,1.00
2015.10.14 02:29:17.232,1.70914,1.70974,1.00,1.00
2015.10.14 02:29:20.816,1.70914,1.70974,1.00,1.12
2015.10.14 02:29:20.867,1.70907,1.70966,1.50,1.50
2015.10.14 02:29:23.026,1.70914,1.70972,1.00,1.12
2015.10.14 02:29:23.357,1.70907,1.70966,1.50,1.50
2015.10.14 02:29:23.578,1.70914,1.70972,1.00,1.12
2015.10.14 02:29:23.952,1.70913,1.70976,1.75,1.00
2015.10.14 02:29:24.469,1.70913,1.70977,1.75,1.12
2015.10.14 02:29:25.019,1.70915,1.70976,1.75,1.00
2015.10.14 02:29:25.171,1.70922,1.70983,1.00,1.12
2015.10.14 02:29:25.766,1.70922,1.70986,1.75,1.00
2015.10.14 02:29:26.371,1.70924,1.70987,1.75,1.12
2015.10.14 02:29:26.477,1.70921,1.70985,1.12,1.00
2015.10.14 02:29:26.679,1.70923,1.70987,1.75,1.12
2015.10.14 02:29:27.204,1.70928,1.70991,1.00,1.75
2015.10.14 02:29:27.356,1.7093,1.70992,1.00,2.25
2015.10.14 02:29:27.674,1.70933,1.70991,1.00,1.75
2015.10.14 02:29:28.533,1.70924,1.70986,1.37,1.75
2015.10.14 02:29:28.584,1.70924,1.70982,1.00,1.75
2015.10.14 02:29:28.685,1.70917,1.70983,1.50,1.12
2015.10.14 02:29:33.221,1.70915,1.70948,1.75,1.00
2015.10.14 02:29:33.875,1.70915,1.70949,1.75,1.00
2015.10.14 02:29:37.815,1.7092,1.70949,1.00,1.00
2015.10.14 02:29:40.131,1.70919,1.70949,1.12,1.00
2015.10.14 02:29:40.752,1.70919,1.70962,1.12,1.00
2015.10.14 02:29:40.803,1.70919,1.70964,1.12,1.00
2015.10.14 02:29:40.854,1.70919,1.70966,1.12,1.00
2015.10.14 02:29:40.904,1.70921,1.70966,1.00,1.00
2015.10.14 02:29:41.838,1.70923,1.70966,1.00,1.00
2015.10.14 02:29:42.309,1.70921,1.70966,1.00,1.00
2015.10.14 02:29:42.410,1.70925,1.70966,1.37,1.00
2015.10.14 02:29:42.828,1.70935,1.70967,1.12,1.00
2015.10.14 02:29:42.879,1.70935,1.70988,1.12,1.00
2015.10.14 02:29:43.030,1.70935,1.70999,1.12,1.12
2015.10.14 02:29:43.434,1.70941,1.70999,1.00,1.12
2015.10.14 02:29:43.686,1.70944,1.71004,1.50,1.50
2015.10.14 02:29:44.175,1.70944,1.70997,1.00,1.00
2015.10.14 02:29:45.070,1.70944,1.71004,1.50,1.50
2015.10.14 02:29:46.946,1.70944,1.71004,1.12,1.12
2015.10.14 02:29:47.281,1.70934,1.70992,1.00,1.12
2015.10.14 02:29:48.796,1.70924,1.70991,1.75,1.75
2015.10.14 02:29:49.250,1.70934,1.70992,1.00,1.12
2015.10.14 02:29:49.783,1.70934,1.70996,1.75,1.37
2015.10.14 02:29:52.099,1.70939,1.70975,1.00,1.00
2015.10.14 02:29:52.402,1.70944,1.70975,1.00,1.00
2015.10.14 02:29:52.642,1.70939,1.70975,1.00,1.00
2015.10.14 02:29:54.310,1.70936,1.70975,1.37,1.00
2015.10.14 02:29:55.062,1.70936,1.70976,1.37,1.00
2015.10.14 02:29:57.602,1.70938,1.70976,1.00,1.00
2015.10.14 02:29:57.653,1.70938,1.70976,1.60,1.00
2015.10.14 02:29:57.755,1.70938,1.70974,1.00,1.00
2015.10.14 02:29:57.806,1.70954,1.70974,1.00,1.00
2015.10.14 02:29:58.058,1.70949,1.70974,1.00,1.00
2015.10.14 02:29:58.329,1.70954,1.70974,1.75,1.00
2015.10.14 02:29:58.634,1.7096,1.70977,1.87,1.00
2015.10.14 02:29:59.663,1.70964,1.70977,1.12,1.00
2015.10.14 02:29:59.916,1.70952,1.70974,1.12,1.00
2015.10.14 02:30:00.420,1.70952,1.70989,1.12,1.00
2015.10.14 02:30:00.522,1.70952,1.71016,1.12,1.87
2015.10.14 02:30:00.812,1.70944,1.71009,1.75,1.75
2015.10.14 02:30:08.023,1.70945,1.71003,1.00,1.12
2015.10.14 02:30:08.074,1.70943,1.71003,1.00,1.12
2015.10.14 02:30:08.175,1.70936,1.71003,1.75,1.12
2015.10.14 02:30:08.276,1.70944,1.71003,1.00,1.12
2015.10.14 02:30:10.437,1.70935,1.70996,1.75,1.12
2015.10.14 02:30:10.992,1.70934,1.70996,1.37,1.75
2015.10.14 02:30:11.042,1.70934,1.70993,1.00,1.12
2015.10.14 02:30:11.469,1.70932,1.70993,1.00,1.12
2015.10.14 02:30:11.520,1.70932,1.70996,1.75,1.50
2015.10.14 02:30:11.826,1.70933,1.70971,2.25,1.00
2015.10.14 02:30:11.933,1.70933,1.70973,2.25,1.00
2015.10.14 02:30:17.843,1.70933,1.70973,1.00,1.00
2015.10.14 02:30:18.050,1.70928,1.70973,1.00,1.00
2015.10.14 02:30:18.601,1.70926,1.70973,1.50,1.00
2015.10.14 02:30:20.417,1.7093,1.70973,1.00,1.00
2015.10.14 02:30:20.720,1.70942,1.70973,1.00,1.00
2015.10.14 02:30:21.258,1.70943,1.70972,1.00,1.00
2015.10.14 02:30:21.568,1.70943,1.70989,1.00,1.00
2015.10.14 02:30:21.652,1.70943,1.71,1.00,1.12
2015.10.14 02:30:21.782,1.70943,1.70964,1.00,1.00
2015.10.14 02:30:21.934,1.70943,1.7096,1.00,1.00
2015.10.14 02:30:22.466,1.70942,1.7096,1.00,1.00
2015.10.14 02:30:24.447,1.70944,1.7096,1.00,1.00
2015.10.14 02:30:30.017,1.7094,1.7096,1.00,1.00
2015.10.14 02:30:30.405,1.70942,1.70961,1.00,1.00
2015.10.14 02:30:30.736,1.70944,1.70961,1.50,1.00
2015.10.14 02:30:33.337,1.70943,1.70961,1.00,1.00
2015.10.14 02:30:40.412,1.70943,1.70973,1.00,1.00
2015.10.14 02:30:40.592,1.70943,1.70978,1.00,1.00
2015.10.14 02:30:43.472,1.70943,1.70998,1.00,1.75
2015.10.14 02:30:48.369,1.70943,1.71002,1.00,1.12
2015.10.14 02:30:48.420,1.70943,1.71006,1.00,1.87
2015.10.14 02:30:51.930,1.70944,1.71006,1.00,1.87
2015.10.14 02:30:52.031,1.70949,1.71007,1.50,1.00
2015.10.14 02:30:52.182,1.70949,1.70998,1.00,1.00
2015.10.14 02:30:52.368,1.70943,1.70997,1.00,1.00
2015.10.14 02:30:52.419,1.70938,1.70994,1.00,1.00
2015.10.14 02:30:52.520,1.70928,1.70986,1.00,1.00
2015.10.14 02:30:52.571,1.70928,1.70983,1.00,1.00
2015.10.14 02:30:52.622,1.7092,1.70982,1.37,1.75
2015.10.14 02:30:53.126,1.70909,1.70977,1.75,1.12
2015.10.14 02:30:54.789,1.70908,1.70964,1.00,1.00
2015.10.14 02:30:55.019,1.70905,1.70964,1.00,1.00
2015.10.14 02:30:55.526,1.70904,1.70964,1.50,1.00
2015.10.14 02:30:56.656,1.70909,1.70964,1.00,1.00
2015.10.14 02:30:56.959,1.70916,1.70976,1.00,1.75
2015.10.14 02:30:57.125,1.70914,1.70976,1.00,1.75
2015.10.14 02:30:57.894,1.70907,1.70967,1.12,1.00
2015.10.14 02:31:02.316,1.70903,1.70966,1.12,1.75
2015.10.14 02:31:02.872,1.70897,1.70956,1.87,1.00
2015.10.14 02:31:05.174,1.70897,1.70963,1.12,1.50
2015.10.14 02:31:05.376,1.7091,1.70966,1.00,1.75
2015.10.14 02:31:05.679,1.70914,1.70966,2.25,1.00
2015.10.14 02:31:05.980,1.70918,1.70966,1.00,1.00
2015.10.14 02:31:06.143,1.70923,1.70976,1.00,1.75
2015.10.14 02:31:06.345,1.70924,1.70988,1.50,2.25
2015.10.14 02:31:07.142,1.70927,1.70989,1.00,1.75
2015.10.14 02:31:07.648,1.70925,1.70989,1.37,1.75
2015.10.14 02:31:09.739,1.70934,1.70991,1.75,1.00
2015.10.14 02:31:09.790,1.70934,1.70995,1.75,1.00
2015.10.14 02:31:09.891,1.7094,1.71003,1.00,1.87
2015.10.14 02:31:12.276,1.70936,1.71003,1.75,1.87
2015.10.14 02:31:22.645,1.7094,1.71,1.00,1.75
2015.10.14 02:31:23.028,1.70933,1.70995,1.12,1.00
2015.10.14 02:31:27.465,1.70934,1.70995,1.50,1.37
2015.10.14 02:31:27.566,1.70934,1.70994,1.50,1.00
2015.10.14 02:31:29.989,1.70934,1.70987,1.00,1.00
2015.10.14 02:31:30.976,1.70934,1.70986,1.00,1.00
2015.10.14 02:31:32.845,1.70934,1.70987,1.00,1.00
2015.10.14 02:31:33.535,1.70934,1.70986,1.00,1.00
2015.10.14 02:31:39.168,1.70934,1.7099,1.00,1.00
2015.10.14 02:31:39.218,1.70934,1.70986,1.00,1.00
2015.10.14 02:31:44.472,1.70928,1.70986,1.00,1.00
2015.10.14 02:31:54.324,1.70933,1.70986,1.12,1.00
2015.10.14 02:31:54.374,1.70933,1.70991,1.12,1.00
2015.10.14 02:31:56.818,1.70933,1.7099,1.12,1.00
2015.10.14 02:31:56.919,1.70924,1.7099,2.25,1.75
2015.10.14 02:31:56.970,1.70924,1.70975,2.25,1.00
2015.10.14 02:31:57.122,1.70924,1.70975,1.00,1.00
2015.10.14 02:31:58.321,1.70923,1.70975,1.00,1.00
2015.10.14 02:31:58.815,1.70921,1.70975,1.00,1.00
2015.10.14 02:31:58.942,1.70924,1.70975,1.00,1.00
2015.10.14 02:31:59.394,1.7092,1.70975,1.00,1.00
2015.10.14 02:31:59.495,1.70924,1.70975,1.00,1.00
2015.10.14 02:31:59.596,1.7092,1.70975,1.00,1.00
2015.10.14 02:31:59.698,1.70924,1.70975,1.00,1.00
2015.10.14 02:32:00.165,1.70918,1.70975,1.00,1.00
2015.10.14 02:32:00.266,1.70924,1.70975,1.00,1.00
2015.10.14 02:32:01.156,1.70921,1.70975,1.00,1.00
2015.10.14 02:32:01.257,1.70923,1.70975,1.00,1.00
2015.10.14 02:32:02.468,1.70923,1.70978,1.00,1.00
2015.10.14 02:32:03.318,1.70924,1.70978,1.00,1.00
2015.10.14 02:32:08.097,1.70918,1.70977,1.00,1.00
2015.10.14 02:32:08.815,1.70924,1.70978,1.00,1.00
2015.10.14 02:32:09.035,1.70918,1.70976,1.00,1.00
2015.10.14 02:32:09.915,1.70918,1.70978,1.00,1.00
2015.10.14 02:32:09.966,1.7092,1.70978,1.00,1.00
2015.10.14 02:32:10.270,1.70926,1.70985,1.75,1.00
2015.10.14 02:32:10.847,1.70926,1.70986,1.75,1.00
2015.10.14 02:32:11.601,1.70933,1.70986,1.00,1.00
2015.10.14 02:32:11.812,1.70929,1.70986,1.50,1.50
2015.10.14 02:32:12.554,1.70934,1.70986,1.00,1.00
2015.10.14 02:32:12.705,1.70927,1.70986,1.75,1.00
2015.10.14 02:32:13.360,1.70923,1.7098,1.12,1.00
2015.10.14 02:32:13.711,1.70923,1.70976,1.12,1.00
2015.10.14 02:32:14.158,1.70921,1.70976,1.00,1.00
2015.10.14 02:32:15.314,1.70924,1.7098,1.00,1.00
2015.10.14 02:32:16.628,1.70921,1.70976,1.00,1.00
2015.10.14 02:32:17.321,1.70923,1.7098,1.00,1.00
2015.10.14 02:32:17.615,1.70921,1.70977,1.00,1.00
2015.10.14 02:32:18.275,1.70924,1.7098,1.00,1.00
2015.10.14 02:32:18.604,1.70921,1.70977,1.00,1.00
2015.10.14 02:32:19.375,1.70924,1.7098,1.00,1.00
2015.10.14 02:32:19.815,1.70921,1.70976,1.00,1.00
2015.10.14 02:32:20.034,1.70924,1.7098,1.00,1.00
2015.10.14 02:32:20.584,1.70921,1.70976,1.00,1.00
2015.10.14 02:32:20.960,1.70924,1.7098,1.00,1.00
2015.10.14 02:32:21.389,1.70926,1.7098,1.00,1.00
2015.10.14 02:32:21.490,1.70923,1.7098,1.00,1.00
2015.10.14 02:32:21.674,1.70921,1.7098,1.00,1.00
2015.10.14 02:32:21.833,1.70924,1.7098,1.00,1.00
2015.10.14 02:32:23.915,1.70921,1.7098,1.00,1.00
2015.10.14 02:32:24.104,1.70921,1.70977,1.00,1.00
2015.10.14 02:32:24.544,1.70923,1.7098,1.00,1.00
2015.10.14 02:32:24.875,1.70921,1.70977,1.00,1.00
2015.10.14 02:32:25.549,1.70923,1.7098,1.00,1.00
2015.10.14 02:32:26.101,1.70921,1.70976,1.00,1.00
2015.10.14 02:32:26.304,1.70924,1.7098,1.00,1.00
2015.10.14 02:32:26.856,1.70921,1.70976,1.00,1.00
2015.10.14 02:32:29.864,1.70924,1.7098,1.00,1.00
2015.10.14 02:32:30.066,1.70921,1.70977,1.00,1.00
2015.10.14 02:32:30.815,1.70924,1.7098,1.00,1.00
2015.10.14 02:32:31.147,1.70921,1.70976,1.00,1.00
2015.10.14 02:32:32.600,1.70917,1.70976,1.75,1.00
2015.10.14 02:32:35.326,1.70915,1.7098,1.75,1.50
2015.10.14 02:32:35.477,1.70915,1.70976,1.75,1.00
2015.10.14 02:32:35.729,1.70908,1.7097,1.75,1.00
2015.10.14 02:32:35.981,1.70915,1.7097,1.00,1.00
2015.10.14 02:32:40.511,1.70915,1.70975,1.00,1.75
2015.10.14 02:32:42.875,1.70915,1.70975,1.50,1.37
2015.10.14 02:32:42.976,1.70922,1.70977,1.00,1.00
2015.10.14 02:32:43.078,1.70924,1.70977,1.12,1.00
2015.10.14 02:32:43.179,1.70924,1.70985,1.12,1.00
2015.10.14 02:32:43.482,1.70933,1.70986,1.00,1.00
2015.10.14 02:32:43.916,1.70936,1.70986,1.00,1.00
2015.10.14 02:32:44.219,1.70942,1.70987,1.00,1.50
2015.10.14 02:32:44.370,1.70945,1.70994,1.00,1.00
2015.10.14 02:32:45.922,1.70945,1.70989,1.00,1.00
2015.10.14 02:32:46.023,1.70934,1.70989,2.25,1.00
2015.10.14 02:32:49.934,1.70944,1.70989,1.00,1.00
2015.10.14 02:32:51.250,1.70944,1.70997,1.00,1.87
2015.10.14 02:32:52.034,1.70944,1.70996,1.00,1.00
2015.10.14 02:32:52.685,1.70944,1.70997,1.00,1.12
2015.10.14 02:32:56.246,1.70944,1.70996,1.00,1.00
2015.10.14 02:32:57.313,1.70934,1.70996,1.75,1.00
2015.10.14 02:32:57.855,1.70934,1.70997,1.75,1.12
2015.10.14 02:32:58.813,1.70934,1.70996,1.75,1.00
2015.10.14 02:33:02.063,1.70934,1.70997,1.75,1.87
2015.10.14 02:33:02.594,1.70934,1.70996,1.75,1.00
2015.10.14 02:33:04.070,1.70935,1.70997,1.75,1.12
2015.10.14 02:33:05.932,1.70935,1.70996,1.75,1.00
2015.10.14 02:33:08.387,1.70935,1.70996,1.37,1.37
2015.10.14 02:33:08.437,1.70935,1.70996,1.00,1.75
2015.10.14 02:33:10.324,1.70934,1.70997,1.12,2.25
2015.10.14 02:33:14.050,1.70938,1.70994,1.00,1.50
2015.10.14 02:33:14.554,1.70943,1.71004,1.00,1.75
2015.10.14 02:33:14.605,1.70942,1.70997,1.12,1.00
2015.10.14 02:33:15.344,1.70944,1.71004,1.00,1.75
2015.10.14 02:33:16.158,1.70945,1.71006,1.00,1.87
2015.10.14 02:33:17.505,1.70943,1.71005,1.00,1.75
2015.10.14 02:33:18.406,1.70944,1.71005,1.00,1.75
2015.10.14 02:33:23.136,1.70944,1.71001,1.00,2.62
2015.10.14 02:33:23.186,1.70935,1.71001,1.12,2.62
2015.10.14 02:33:24.491,1.70938,1.70999,1.00,1.75
2015.10.14 02:33:24.841,1.70943,1.70999,1.00,1.75
2015.10.14 02:33:30.339,1.70938,1.70991,1.00,1.00
2015.10.14 02:33:30.557,1.70938,1.70986,1.00,1.75
2015.10.14 02:33:30.608,1.70918,1.70979,1.12,1.00
2015.10.14 02:33:30.659,1.70914,1.70978,1.75,1.75
2015.10.14 02:33:30.997,1.70924,1.70978,1.00,1.75
2015.10.14 02:33:31.113,1.70914,1.70977,1.75,1.75
2015.10.14 02:33:35.803,1.70923,1.70978,1.00,1.75
2015.10.14 02:33:36.183,1.70914,1.70976,1.75,1.50
2015.10.14 02:33:45.973,1.70913,1.70977,2.25,1.75
2015.10.14 02:33:46.025,1.70913,1.70973,2.25,1.00
2015.10.14 02:33:46.584,1.70914,1.70973,1.00,1.00
2015.10.14 02:33:50.806,1.70914,1.70965,1.00,1.12
2015.10.14 02:33:50.908,1.70897,1.70962,2.25,1.75
2015.10.14 02:33:51.059,1.70894,1.70959,2.25,1.12
2015.10.14 02:33:51.111,1.70894,1.70952,1.00,1.00
2015.10.14 02:33:51.464,1.70894,1.70949,1.00,1.00
2015.10.14 02:33:52.042,1.70893,1.70949,1.00,1.00
2015.10.14 02:33:54.551,1.70893,1.70952,1.00,1.50
2015.10.14 02:33:56.176,1.70884,1.70946,1.87,1.37
2015.10.14 02:33:56.227,1.70884,1.70946,1.50,1.75
2015.10.14 02:33:57.822,1.70888,1.70951,1.00,1.12
2015.10.14 02:33:58.125,1.70888,1.70941,1.00,1.12
2015.10.14 02:33:58.176,1.70882,1.70941,1.00,1.12
2015.10.14 02:33:58.377,1.70876,1.70941,1.37,1.12
2015.10.14 02:33:58.546,1.70883,1.70941,1.00,1.12
2015.10.14 02:33:58.699,1.70876,1.70941,1.37,1.12
2015.10.14 02:33:58.951,1.70883,1.70941,1.00,1.12
2015.10.14 02:34:00.472,1.70884,1.70941,1.00,1.12
2015.10.14 02:34:01.093,1.70883,1.70941,1.00,1.12
2015.10.14 02:34:05.064,1.70884,1.70941,1.00,1.87
2015.10.14 02:34:15.120,1.70884,1.70934,1.00,1.00
2015.10.14 02:34:18.363,1.70884,1.70934,1.00,1.37
2015.10.14 02:34:18.616,1.70874,1.70933,1.50,1.75
2015.10.14 02:34:24.127,1.70866,1.70926,1.12,1.00
2015.10.14 02:34:24.316,1.70863,1.70927,1.50,1.75
2015.10.14 02:34:34.309,1.70864,1.70918,1.37,1.00
2015.10.14 02:34:34.638,1.70854,1.70918,2.25,1.75
2015.10.14 02:34:37.452,1.70853,1.70912,1.75,1.00
2015.10.14 02:34:40.279,1.70854,1.70911,1.37,2.25
2015.10.14 02:34:40.381,1.70844,1.7091,1.50,1.12
2015.10.14 02:34:42.072,1.7084,1.70903,1.12,1.00
2015.10.14 02:34:42.183,1.70843,1.70903,1.37,1.37
2015.10.14 02:34:42.385,1.70838,1.70897,1.00,1.00
2015.10.14 02:34:42.682,1.70843,1.70897,1.00,1.00
2015.10.14 02:34:43.933,1.70843,1.70894,1.00,1.00
2015.10.14 02:34:44.236,1.70853,1.70894,1.00,1.00
2015.10.14 02:34:44.563,1.70838,1.70894,1.00,1.00
2015.10.14 02:34:44.664,1.70853,1.70894,1.00,1.00
2015.10.14 02:34:45.124,1.70844,1.70894,1.00,1.00
2015.10.14 02:34:45.225,1.70854,1.70894,1.00,1.00
2015.10.14 02:34:47.909,1.70854,1.70897,1.00,1.50
2015.10.14 02:34:52.802,1.70844,1.70897,1.00,1.50
2015.10.14 02:34:54.866,1.70843,1.70897,1.35,1.50
2015.10.14 02:34:55.371,1.70844,1.70897,1.00,1.50
2015.10.14 02:34:55.422,1.70844,1.70893,1.00,1.00
2015.10.14 02:34:55.725,1.70854,1.70904,1.00,1.12
2015.10.14 02:34:55.776,1.70853,1.70905,1.00,1.75
2015.10.14 02:34:55.927,1.70863,1.70905,1.00,1.75
2015.10.14 02:34:56.872,1.70853,1.70905,1.60,1.75
2015.10.14 02:35:00.299,1.70863,1.70905,1.00,1.75
2015.10.14 02:35:04.696,1.70854,1.70905,1.00,1.75
2015.10.14 02:35:10.553,1.70853,1.70905,1.00,1.75
2015.10.14 02:35:11.095,1.70854,1.70905,1.00,1.75
2015.10.14 02:35:12.526,1.70854,1.70905,1.00,1.37
2015.10.14 02:35:13.148,1.70854,1.70905,1.00,1.00
2015.10.14 02:35:16.014,1.70863,1.70905,1.00,1.00
2015.10.14 02:35:16.166,1.70853,1.70905,1.00,1.00
2015.10.14 02:35:21.522,1.70853,1.70904,1.00,1.50
2015.10.14 02:35:21.572,1.70853,1.70901,1.00,1.37
2015.10.14 02:35:21.674,1.70844,1.70901,1.00,1.50
2015.10.14 02:35:22.083,1.70843,1.70897,1.00,1.00
2015.10.14 02:35:22.134,1.70835,1.709,1.12,1.87
2015.10.14 02:35:22.184,1.70835,1.70897,1.12,1.00
2015.10.14 02:35:22.486,1.70844,1.70897,1.00,1.00
2015.10.14 02:35:23.667,1.70844,1.70896,1.00,1.00
2015.10.14 02:35:24.100,1.70844,1.70895,1.00,1.75
2015.10.14 02:35:25.160,1.70834,1.70893,1.12,1.75
2015.10.14 02:35:25.914,1.70843,1.70893,1.00,1.75
2015.10.14 02:35:30.263,1.70843,1.70888,1.00,1.00
2015.10.14 02:35:30.314,1.70827,1.70888,1.00,1.75
2015.10.14 02:35:30.365,1.70827,1.70884,1.00,1.12
2015.10.14 02:35:30.467,1.70823,1.70876,1.00,1.50
2015.10.14 02:35:30.517,1.70823,1.70872,1.00,1.00
2015.10.14 02:35:30.862,1.70823,1.70864,1.00,1.00
2015.10.14 02:35:31.432,1.70824,1.70864,1.00,1.00
2015.10.14 02:35:31.633,1.70814,1.70864,1.00,1.00
2015.10.14 02:35:31.735,1.70823,1.70864,1.00,1.00
2015.10.14 02:35:32.846,1.70824,1.70864,1.00,1.00
2015.10.14 02:35:34.073,1.70823,1.70864,1.00,1.00
2015.10.14 02:35:36.256,1.70824,1.70864,1.00,1.00
2015.10.14 02:35:39.863,1.70823,1.70864,1.00,1.00
2015.10.14 02:35:40.788,1.70833,1.70864,1.00,1.00
2015.10.14 02:35:41.294,1.70824,1.70864,1.00,1.00
2015.10.14 02:35:45.823,1.70834,1.70864,1.00,1.00
2015.10.14 02:35:45.950,1.70834,1.70872,1.00,1.00
2015.10.14 02:35:46.051,1.70823,1.70872,1.00,1.00
2015.10.14 02:35:46.593,1.70833,1.70872,1.00,1.00
2015.10.14 02:35:50.125,1.70834,1.70872,1.00,1.12
2015.10.14 02:35:50.426,1.70823,1.70869,1.00,1.12
2015.10.14 02:35:50.867,1.70834,1.70869,1.00,1.12
2015.10.14 02:35:51.175,1.70834,1.70873,1.00,1.50
2015.10.14 02:35:51.720,1.70833,1.70873,1.00,1.50
2015.10.14 02:35:52.874,1.70824,1.70873,1.00,1.50
2015.10.14 02:35:53.882,1.70833,1.70873,1.00,1.50
2015.10.14 02:35:54.428,1.70824,1.70873,1.00,1.50
2015.10.14 02:35:55.482,1.70823,1.70873,1.00,1.50
2015.10.14 02:35:56.995,1.70823,1.7087,1.00,1.00
2015.10.14 02:35:57.096,1.70814,1.70863,1.12,1.00
2015.10.14 02:35:57.148,1.70814,1.70863,1.00,1.75
2015.10.14 02:35:57.649,1.70813,1.70866,1.00,1.75
2015.10.14 02:35:59.928,1.70814,1.70866,1.00,1.75
2015.10.14 02:36:01.436,1.70813,1.70866,1.00,1.75
2015.10.14 02:36:02.014,1.70814,1.70864,1.00,1.75
2015.10.14 02:36:02.538,1.70813,1.7086,1.00,1.00
2015.10.14 02:36:02.885,1.70813,1.70858,1.00,1.00
2015.10.14 02:36:03.221,1.70813,1.70855,1.00,1.00
2015.10.14 02:36:05.382,1.70814,1.70855,1.00,1.00
2015.10.14 02:36:07.832,1.70813,1.70855,1.00,1.00
2015.10.14 02:36:08.353,1.70814,1.70855,1.00,1.00
2015.10.14 02:36:09.000,1.70813,1.70855,1.00,1.00
2015.10.14 02:36:10.884,1.70814,1.70855,1.00,1.00
2015.10.14 02:36:11.434,1.70813,1.70855,1.00,1.00
2015.10.14 02:36:15.615,1.70804,1.70855,1.00,1.87
2015.10.14 02:36:15.946,1.70804,1.70855,1.00,1.75
2015.10.14 02:36:32.507,1.70804,1.70849,1.00,1.00
2015.10.14 02:36:43.737,1.70793,1.70849,1.00,1.37
2015.10.14 02:36:44.040,1.70784,1.70849,2.25,1.87
2015.10.14 02:36:44.141,1.70794,1.70849,1.00,1.87
2015.10.14 02:36:45.002,1.70783,1.70846,1.75,2.25
2015.10.14 02:36:45.103,1.70794,1.70844,1.00,1.50
2015.10.14 02:37:01.370,1.70794,1.70837,1.00,1.00
2015.10.14 02:37:01.522,1.70784,1.7083,1.00,1.00
2015.10.14 02:37:01.573,1.70784,1.7083,1.00,1.75
2015.10.14 02:37:01.624,1.70774,1.70826,1.00,1.12
2015.10.14 02:37:01.876,1.70774,1.7082,1.00,1.12
2015.10.14 02:37:02.512,1.70773,1.70811,1.00,1.00
2015.10.14 02:37:02.614,1.70763,1.70811,1.00,1.00
2015.10.14 02:37:02.715,1.70774,1.70811,1.00,1.00
2015.10.14 02:37:03.228,1.70773,1.70811,1.00,1.00
2015.10.14 02:37:04.123,1.70774,1.70811,1.00,1.00
2015.10.14 02:37:06.775,1.70763,1.70811,1.00,1.00
2015.10.14 02:37:26.164,1.70774,1.70811,1.00,1.00
2015.10.14 02:37:33.051,1.70764,1.70811,1.00,1.00
2015.10.14 02:37:33.601,1.70773,1.70811,1.00,1.00
2015.10.14 02:37:35.144,1.70764,1.70811,1.00,1.00
2015.10.14 02:37:35.378,1.70764,1.70818,1.00,1.00
2015.10.14 02:37:35.479,1.70774,1.70818,1.00,1.00
2015.10.14 02:37:36.016,1.70773,1.70818,1.00,1.00
2015.10.14 02:37:36.822,1.70774,1.70818,1.00,1.00
2015.10.14 02:37:44.050,1.70773,1.70818,1.00,1.00
2015.10.14 02:37:52.580,1.70773,1.70819,1.00,1.75
2015.10.14 02:37:57.328,1.70764,1.70819,1.00,1.75
2015.10.14 02:38:00.110,1.70763,1.70819,1.00,1.75
2015.10.14 02:38:01.041,1.70764,1.70819,1.00,1.75
2015.10.14 02:38:01.243,1.70773,1.70819,1.00,1.75
2015.10.14 02:38:04.062,1.70773,1.70815,1.00,1.72
2015.10.14 02:38:04.302,1.70754,1.70803,1.00,1.00
2015.10.14 02:38:12.880,1.70743,1.70803,2.25,1.00
2015.10.14 02:38:13.204,1.70754,1.70803,1.00,1.00
2015.10.14 02:38:15.291,1.70743,1.70803,1.50,1.00
2015.10.14 02:38:15.443,1.70744,1.70795,1.00,1.00
2015.10.14 02:38:15.944,1.70743,1.70795,1.00,1.00
2015.10.14 02:38:22.669,1.70744,1.70795,1.00,1.00
2015.10.14 02:38:23.171,1.70743,1.70795,1.00,1.00
2015.10.14 02:38:23.504,1.70753,1.70795,1.00,1.00
2015.10.14 02:38:24.529,1.70743,1.70795,1.00,1.00
2015.10.14 02:38:32.571,1.70743,1.708,1.00,1.12
2015.10.14 02:38:35.549,1.70743,1.70793,1.00,1.00
2015.10.14 02:38:36.128,1.70744,1.70793,1.00,1.00
2015.10.14 02:38:39.161,1.70743,1.70793,1.00,1.00
2015.10.14 02:38:44.370,1.70743,1.7079,1.00,1.00
2015.10.14 02:38:44.954,1.70743,1.70789,1.00,1.00
2015.10.14 02:38:45.462,1.70743,1.70788,1.00,1.00
2015.10.14 02:38:46.375,1.70743,1.70785,1.00,1.00
2015.10.14 02:38:49.881,1.70744,1.70785,1.00,1.00
2015.10.14 02:38:51.150,1.70743,1.70785,1.00,1.00
2015.10.14 02:39:00.360,1.70744,1.70785,1.00,1.00
2015.10.14 02:39:09.109,1.70734,1.70785,1.00,1.00
2015.10.14 02:39:10.320,1.70743,1.70785,1.00,1.00
2015.10.14 02:39:10.544,1.70734,1.70785,1.00,1.00
2015.10.14 02:39:11.096,1.70733,1.70785,1.00,1.00
2015.10.14 02:39:12.890,1.70734,1.70785,1.00,1.00
2015.10.14 02:39:13.092,1.70744,1.70785,1.00,1.00
2015.10.14 02:39:14.429,1.70743,1.70785,1.00,1.00
2015.10.14 02:39:15.066,1.70734,1.70785,1.00,1.00
2015.10.14 02:39:15.717,1.70734,1.70784,1.00,1.00
2015.10.14 02:39:19.119,1.70733,1.70784,1.00,1.00
2015.10.14 02:39:21.885,1.70733,1.70785,1.00,1.00
2015.10.14 02:39:22.873,1.70734,1.70785,1.00,1.00
2015.10.14 02:39:23.741,1.70733,1.70785,1.00,1.00
2015.10.14 02:39:25.797,1.70733,1.70775,1.00,1.60
2015.10.14 02:39:25.848,1.70724,1.70775,1.37,1.97
2015.10.14 02:39:25.899,1.70724,1.7077,1.00,1.60
2015.10.14 02:39:25.949,1.70724,1.70764,1.00,1.00
2015.10.14 02:39:26.230,1.70714,1.70767,1.00,1.50
2015.10.14 02:39:26.281,1.70724,1.70767,1.00,1.75
2015.10.14 02:39:26.383,1.70727,1.70781,1.00,1.00
2015.10.14 02:39:26.536,1.70734,1.70781,1.00,1.00
2015.10.14 02:39:26.587,1.70734,1.70791,1.00,1.75
2015.10.14 02:39:26.851,1.70726,1.70791,1.75,1.75
2015.10.14 02:39:27.774,1.70723,1.70786,1.00,1.12
2015.10.14 02:39:28.077,1.70723,1.70777,1.00,1.00
2015.10.14 02:39:28.579,1.70724,1.70777,1.00,1.00
2015.10.14 02:39:29.093,1.70723,1.70777,1.00,1.00
2015.10.14 02:39:30.819,1.70716,1.70777,2.10,1.00
2015.10.14 02:39:31.021,1.70734,1.70777,1.00,1.00
2015.10.14 02:39:31.468,1.70734,1.70775,1.00,1.00
2015.10.14 02:39:32.180,1.70734,1.70784,1.00,1.75
2015.10.14 02:39:33.530,1.70733,1.70784,1.00,1.75
2015.10.14 02:39:35.481,1.70733,1.70788,1.00,1.12
2015.10.14 02:39:35.582,1.70733,1.70788,1.00,1.00
2015.10.14 02:39:39.048,1.70734,1.70785,1.00,1.00
2015.10.14 02:39:40.037,1.70734,1.70788,1.00,1.00
2015.10.14 02:39:41.562,1.70733,1.70788,1.00,1.00
2015.10.14 02:39:50.271,1.70734,1.70788,1.00,1.00
2015.10.14 02:39:50.423,1.70734,1.7079,1.00,1.12
2015.10.14 02:39:52.781,1.70733,1.7079,1.00,1.12
2015.10.14 02:39:55.314,1.70734,1.7079,1.00,1.12
2015.10.14 02:40:03.888,1.70733,1.7079,1.00,1.12
2015.10.14 02:40:08.332,1.70733,1.70785,1.00,1.00
2015.10.14 02:40:11.841,1.70734,1.70792,1.00,1.12
2015.10.14 02:40:26.158,1.70723,1.70787,1.75,1.75
2015.10.14 02:40:27.480,1.70727,1.70789,1.12,1.75
2015.10.14 02:40:27.760,1.70734,1.7079,1.00,1.87
2015.10.14 02:40:29.140,1.70738,1.7079,1.00,1.12
2015.10.14 02:40:29.343,1.70735,1.7079,1.00,1.12
2015.10.14 02:40:30.067,1.70737,1.7079,1.00,1.12
2015.10.14 02:40:31.604,1.70737,1.70797,1.00,1.12
2015.10.14 02:40:31.655,1.70739,1.70797,1.00,1.12
2015.10.14 02:40:32.082,1.70743,1.70797,1.00,1.12
2015.10.14 02:40:32.404,1.70733,1.70795,1.12,1.75
2015.10.14 02:40:32.505,1.70744,1.70797,1.00,1.12
2015.10.14 02:40:35.372,1.70743,1.70797,1.00,1.12
2015.10.14 02:40:36.059,1.70744,1.70797,1.00,1.12
2015.10.14 02:40:36.717,1.70736,1.70797,1.00,1.12
2015.10.14 02:40:36.919,1.70743,1.70797,1.00,1.12
2015.10.14 02:40:47.273,1.70734,1.70796,1.00,1.75
2015.10.14 02:40:48.396,1.70734,1.70796,1.50,1.75
2015.10.14 02:40:51.580,1.70734,1.70787,1.00,1.00
2015.10.14 02:40:51.882,1.70727,1.70787,2.10,1.00
2015.10.14 02:40:52.084,1.70734,1.70787,1.00,1.00
2015.10.14 02:40:54.488,1.70733,1.70787,1.00,1.00
2015.10.14 02:41:01.476,1.70733,1.70787,1.00,1.12
2015.10.14 02:41:01.779,1.70714,1.70772,1.50,1.12
2015.10.14 02:41:03.640,1.70714,1.70759,1.00,1.00
2015.10.14 02:41:06.322,1.70703,1.70759,1.00,1.00
2015.10.14 02:41:07.906,1.70704,1.70759,1.00,1.00
2015.10.14 02:41:15.325,1.70699,1.70759,1.35,1.00
2015.10.14 02:41:15.628,1.70699,1.70756,1.35,1.00
2015.10.14 02:41:16.284,1.70699,1.70757,1.35,1.50
2015.10.14 02:41:17.031,1.70699,1.70756,1.35,1.00
2015.10.14 02:41:18.593,1.70704,1.70759,1.00,1.00
2015.10.14 02:41:22.316,1.70703,1.70759,1.00,1.00
2015.10.14 02:41:25.027,1.70703,1.70761,1.50,1.00
2015.10.14 02:41:25.279,1.70704,1.70765,1.12,1.50
2015.10.14 02:41:25.870,1.70706,1.70766,1.00,1.75
2015.10.14 02:41:26.173,1.70708,1.70756,1.00,1.00
2015.10.14 02:41:26.417,1.70704,1.70761,1.12,1.00
2015.10.14 02:41:26.569,1.70703,1.70766,1.50,1.75
2015.10.14 02:41:29.150,1.70714,1.70765,1.00,1.50
2015.10.14 02:41:33.006,1.70713,1.7077,1.00,1.87
2015.10.14 02:41:34.887,1.70714,1.7077,1.00,1.87
2015.10.14 02:41:40.296,1.70714,1.70771,1.00,1.87
2015.10.14 02:41:40.347,1.70714,1.70771,1.00,1.75
2015.10.14 02:41:41.834,1.70713,1.70773,1.00,1.87
2015.10.14 02:41:42.137,1.70724,1.70778,1.00,1.00
2015.10.14 02:41:42.238,1.70728,1.70785,1.00,1.30
2015.10.14 02:41:42.339,1.70734,1.70786,1.00,1.00
2015.10.14 02:41:42.390,1.70734,1.70794,1.00,1.87
2015.10.14 02:41:42.491,1.70744,1.70794,1.50,1.00
2015.10.14 02:41:42.643,1.70752,1.7081,1.00,1.00
2015.10.14 02:41:42.794,1.70752,1.70812,1.00,1.00
2015.10.14 02:41:43.454,1.70752,1.70811,1.00,1.00
2015.10.14 02:41:45.133,1.70752,1.70812,1.00,1.50
2015.10.14 02:41:48.719,1.70752,1.7081,1.00,1.00
2015.10.14 02:41:49.096,1.70747,1.70809,1.00,1.12
2015.10.14 02:41:49.833,1.70753,1.70809,1.00,1.12
2015.10.14 02:41:49.985,1.70753,1.70817,1.87,1.12
2015.10.14 02:41:50.137,1.70753,1.70819,1.75,1.50
2015.10.14 02:41:50.188,1.70757,1.70824,1.75,1.75
2015.10.14 02:41:51.255,1.70766,1.70826,1.00,1.12
2015.10.14 02:41:54.364,1.70765,1.70826,1.00,1.12
2015.10.14 02:41:54.826,1.70762,1.70826,1.12,1.12
2015.10.14 02:41:55.371,1.70763,1.70826,1.50,1.12
2015.10.14 02:41:56.880,1.70772,1.70827,1.00,1.00
2015.10.14 02:41:56.931,1.70772,1.7083,1.00,1.50
2015.10.14 02:41:57.133,1.70784,1.7083,1.00,1.00
2015.10.14 02:41:58.884,1.70773,1.7083,1.00,1.00
2015.10.14 02:42:01.210,1.70774,1.7083,1.00,1.00
2015.10.14 02:42:06.414,1.70758,1.70813,1.37,1.60
2015.10.14 02:42:06.566,1.70754,1.70806,1.00,1.00
2015.10.14 02:42:06.667,1.70764,1.70809,1.00,1.00
2015.10.14 02:42:06.718,1.70764,1.70816,1.00,1.50
2015.10.14 02:42:06.768,1.70774,1.70817,1.00,1.00
2015.10.14 02:42:06.819,1.70774,1.70819,1.00,1.00
2015.10.14 02:42:06.870,1.70774,1.70833,1.00,1.12
2015.10.14 02:42:06.971,1.70775,1.70836,1.12,1.00
2015.10.14 02:42:07.122,1.70777,1.70846,1.75,1.75
2015.10.14 02:42:07.173,1.70788,1.70846,1.00,1.00
2015.10.14 02:42:07.224,1.70788,1.70848,1.00,1.00
2015.10.14 02:42:07.325,1.70794,1.70848,1.00,1.00
2015.10.14 02:42:08.367,1.70794,1.70855,1.37,1.87
2015.10.14 02:42:08.419,1.70795,1.70855,1.00,1.50
2015.10.14 02:42:14.492,1.70795,1.70853,1.00,1.00
2015.10.14 02:42:18.312,1.70795,1.70854,1.00,1.00
2015.10.14 02:42:19.866,1.70795,1.70855,1.00,1.50
2015.10.14 02:42:25.428,1.7079,1.70856,1.12,1.75
2015.10.14 02:42:25.841,1.70784,1.70851,1.75,1.12
2015.10.14 02:42:26.145,1.70793,1.70846,1.00,1.00
2015.10.14 02:42:26.195,1.70784,1.70846,1.75,1.75
2015.10.14 02:42:26.347,1.7078,1.70839,1.12,1.00
2015.10.14 02:42:26.448,1.7078,1.70843,1.12,1.00
2015.10.14 02:42:27.104,1.7078,1.70847,1.12,1.75
2015.10.14 02:42:27.155,1.7078,1.70837,1.12,1.00
2015.10.14 02:42:27.458,1.7078,1.70847,1.87,2.25
2015.10.14 02:42:27.541,1.70795,1.70847,1.00,1.00
2015.10.14 02:42:27.997,1.70795,1.70846,1.12,1.00
2015.10.14 02:42:28.364,1.70797,1.70857,1.12,1.00
2015.10.14 02:42:28.876,1.70797,1.7086,1.12,1.00
2015.10.14 02:42:28.977,1.70797,1.70854,1.12,1.00
2015.10.14 02:42:29.375,1.70797,1.70847,1.12,1.00
2015.10.14 02:42:29.760,1.70792,1.70847,1.37,1.00
2015.10.14 02:42:29.812,1.70787,1.70845,1.12,1.00
2015.10.14 02:42:30.118,1.70787,1.70836,1.12,1.00
2015.10.14 02:42:30.219,1.70779,1.70836,1.12,1.00
2015.10.14 02:42:30.320,1.70779,1.70843,1.12,1.12
2015.10.14 02:42:32.567,1.70785,1.70847,1.75,1.37
2015.10.14 02:42:32.619,1.70786,1.70847,1.12,1.00
2015.10.14 02:42:33.277,1.70786,1.70851,1.12,1.37
2015.10.14 02:42:33.378,1.70786,1.70847,1.12,1.00
2015.10.14 02:42:33.837,1.70786,1.70851,1.12,1.37
2015.10.14 02:42:37.775,1.70786,1.70849,1.12,1.00
2015.10.14 02:42:37.927,1.7078,1.70847,1.75,1.75
2015.10.14 02:42:45.509,1.7078,1.70836,1.75,1.00
2015.10.14 02:42:46.406,1.70781,1.70847,1.50,3.00
2015.10.14 02:42:46.801,1.70776,1.70837,1.87,1.00
2015.10.14 02:42:46.953,1.70774,1.70833,1.00,1.00
2015.10.14 02:42:47.174,1.70773,1.70826,1.00,1.00
2015.10.14 02:42:47.793,1.7077,1.70826,1.37,1.37
2015.10.14 02:42:47.844,1.7077,1.70825,1.00,1.00
2015.10.14 02:42:49.104,1.70769,1.70825,1.00,1.00
2015.10.14 02:43:02.864,1.70769,1.70816,1.00,1.00
2015.10.14 02:43:07.143,1.70765,1.70816,1.00,1.00
2015.10.14 02:43:07.295,1.70764,1.70817,1.00,1.97
2015.10.14 02:43:07.597,1.7074,1.70796,1.00,1.60
2015.10.14 02:43:07.749,1.7074,1.70786,1.00,1.00
2015.10.14 02:43:09.824,1.7074,1.70797,1.00,1.00
2015.10.14 02:43:10.455,1.7074,1.70796,1.00,1.00
2015.10.14 02:43:28.386,1.70738,1.70796,1.12,1.00
2015.10.14 02:43:29.958,1.70744,1.70804,1.00,1.00
2015.10.14 02:43:30.159,1.70744,1.70797,1.00,1.00
2015.10.14 02:43:30.645,1.70744,1.70804,1.00,1.00
2015.10.14 02:43:30.948,1.70744,1.70797,1.00,1.00
2015.10.14 02:43:31.049,1.70744,1.70804,1.00,1.00
2015.10.14 02:43:31.251,1.70744,1.70797,1.00,1.00
2015.10.14 02:43:31.503,1.70744,1.70802,1.00,1.00
2015.10.14 02:43:31.793,1.70744,1.70797,1.00,1.00
2015.10.14 02:43:48.333,1.70739,1.70797,1.12,1.00
2015.10.14 02:43:52.078,1.70739,1.70796,1.12,1.00
2015.10.14 02:43:52.632,1.70744,1.70809,1.37,1.12
2015.10.14 02:43:53.283,1.70745,1.70796,1.12,1.00
2015.10.14 02:43:53.385,1.70745,1.70807,1.12,1.75
2015.10.14 02:43:54.117,1.70746,1.70806,1.00,1.75
2015.10.14 02:43:54.621,1.70744,1.70809,1.37,1.12
2015.10.14 02:43:54.722,1.70744,1.70797,1.37,1.00
2015.10.14 02:43:56.850,1.70744,1.70797,1.00,1.75
2015.10.14 02:43:56.901,1.70732,1.70797,1.75,1.75
2015.10.14 02:43:57.053,1.70731,1.70791,1.00,1.12
2015.10.14 02:43:57.104,1.70727,1.70791,1.12,1.12
2015.10.14 02:43:57.864,1.70738,1.70791,1.00,1.12
2015.10.14 02:43:57.965,1.70738,1.70796,1.00,1.75
2015.10.14 02:44:01.053,1.70738,1.70787,1.00,1.00
2015.10.14 02:44:01.310,1.70731,1.70787,1.75,1.00
2015.10.14 02:44:02.050,1.70731,1.70796,1.75,1.75
2015.10.14 02:44:03.262,1.70731,1.70786,1.75,1.00
2015.10.14 02:44:03.803,1.70731,1.70796,1.75,1.75
2015.10.14 02:44:04.574,1.70731,1.70787,1.75,1.00
2015.10.14 02:44:15.707,1.70729,1.70786,1.75,1.00
2015.10.14 02:44:20.488,1.70727,1.70787,1.12,1.00
2015.10.14 02:44:25.142,1.70729,1.70786,1.75,1.00
2015.10.14 02:44:28.354,1.70729,1.70796,1.75,2.25
2015.10.14 02:44:30.513,1.70736,1.70796,1.12,1.00
2015.10.14 02:44:31.633,1.70736,1.70786,1.12,1.00
2015.10.14 02:44:39.372,1.70738,1.70796,1.75,1.00
2015.10.14 02:44:39.524,1.70744,1.70796,1.12,1.00
2015.10.14 02:44:40.544,1.70744,1.70804,1.12,1.00
2015.10.14 02:44:40.898,1.70748,1.70806,1.75,1.00
2015.10.14 02:44:42.989,1.70752,1.70806,1.00,1.00
2015.10.14 02:44:43.041,1.70752,1.70814,1.00,1.12
2015.10.14 02:44:43.746,1.70749,1.70814,1.50,1.12
2015.10.14 02:44:43.847,1.70753,1.70814,1.00,1.12
2015.10.14 02:44:45.922,1.7075,1.70814,1.12,1.12
2015.10.14 02:44:52.472,1.70744,1.70806,1.12,1.00
2015.10.14 02:44:52.826,1.70744,1.70808,1.12,1.12
2015.10.14 02:44:53.078,1.70759,1.70814,1.00,1.12
2015.10.14 02:44:53.230,1.7077,1.70827,1.50,1.00
2015.10.14 02:44:53.431,1.70774,1.70826,1.75,1.00
2015.10.14 02:44:53.583,1.70778,1.70836,1.50,1.00
2015.10.14 02:44:53.634,1.70787,1.70836,1.00,1.00
2015.10.14 02:44:53.786,1.70787,1.70846,1.00,1.12
2015.10.14 02:44:54.352,1.70786,1.70846,1.12,1.12
2015.10.14 02:44:55.100,1.70786,1.70836,1.12,1.00
2015.10.14 02:44:55.403,1.70793,1.70836,1.00,1.00
2015.10.14 02:44:55.454,1.70793,1.70846,1.75,1.00
2015.10.14 02:44:56.075,1.70793,1.70847,1.75,1.00
2015.10.14 02:44:56.582,1.70793,1.70846,1.75,1.00
2015.10.14 02:45:00.607,1.70794,1.70857,1.75,1.75
2015.10.14 02:45:00.910,1.708,1.70857,1.00,1.75
