2014.10.07 17:00:00.379,1.6146,1.61492,1.00,1.00
2014.10.07 17:00:01.076,1.61459,1.61492,1.00,1.00
2014.10.07 17:00:01.433,1.61459,1.61489,1.00,1.00
2014.10.07 17:00:03.340,1.61459,1.61487,1.00,1.00
2014.10.07 17:00:03.790,1.61456,1.61487,1.50,1.00
2014.10.07 17:00:04.451,1.61456,1.61485,1.00,1.00
2014.10.07 17:00:06.551,1.61456,1.61482,1.00,1.00
2014.10.07 17:00:06.854,1.61453,1.61477,1.00,1.00
2014.10.07 17:00:06.904,1.61449,1.61477,1.00,1.00
2014.10.07 17:00:06.955,1.61451,1.61481,1.00,1.00
2014.10.07 17:00:07.068,1.61451,1.61484,1.00,1.00
2014.10.07 17:00:09.491,1.61449,1.61478,1.00,1.00
2014.10.07 17:00:09.541,1.61447,1.61478,1.00,1.00
2014.10.07 17:00:09.592,1.61446,1.61476,1.00,1.00
2014.10.07 17:00:10.111,1.61445,1.61476,1.00,1.00
2014.10.07 17:00:15.192,1.61444,1.61471,1.00,1.00
2014.10.07 17:00:15.560,1.6144,1.61471,1.00,1.00
2014.10.07 17:00:16.250,1.61442,1.61471,1.00,1.00
2014.10.07 17:00:16.465,1.6144,1.61471,1.50,1.00
2014.10.07 17:00:16.596,1.61442,1.61475,1.00,1.00
2014.10.07 17:00:18.697,1.61443,1.61474,1.00,1.00
2014.10.07 17:00:18.798,1.61445,1.61478,1.00,1.50
2014.10.07 17:00:18.999,1.61444,1.61475,1.00,1.00
2014.10.07 17:00:19.302,1.61446,1.61477,1.00,1.50
2014.10.07 17:00:19.604,1.61443,1.61476,1.00,1.00
2014.10.07 17:00:19.807,1.61442,1.61473,1.00,1.00
2014.10.07 17:00:20.143,1.61439,1.6147,1.00,1.00
2014.10.07 17:00:20.700,1.61435,1.61468,1.00,1.00
2014.10.07 17:00:20.801,1.61434,1.61463,1.00,1.00
2014.10.07 17:00:21.311,1.61433,1.61463,1.00,1.00
2014.10.07 17:00:22.761,1.61436,1.61463,1.00,1.00
2014.10.07 17:00:22.862,1.61436,1.61467,1.00,1.00
2014.10.07 17:00:23.632,1.61444,1.61467,1.00,1.00
2014.10.07 17:00:23.944,1.61436,1.61467,1.00,1.00
2014.10.07 17:00:25.760,1.61433,1.61467,1.50,1.00
2014.10.07 17:00:25.962,1.61436,1.61467,1.00,1.00
2014.10.07 17:00:26.142,1.61438,1.61471,1.00,1.50
2014.10.07 17:00:26.431,1.61442,1.61473,1.00,1.00
2014.10.07 17:00:26.482,1.61442,1.61475,1.00,1.00
2014.10.07 17:00:28.172,1.61439,1.61472,1.00,1.00
2014.10.07 17:00:29.232,1.61442,1.61475,1.00,1.00
2014.10.07 17:00:30.112,1.61444,1.61475,1.00,1.00
2014.10.07 17:00:32.460,1.61444,1.61471,1.00,1.00
2014.10.07 17:00:32.510,1.61441,1.61471,1.00,1.00
2014.10.07 17:00:32.673,1.61442,1.61473,1.00,1.00
2014.10.07 17:00:33.191,1.61446,1.61479,1.00,1.50
2014.10.07 17:00:33.293,1.61449,1.6148,1.00,1.00
2014.10.07 17:00:34.781,1.61448,1.61478,1.00,1.00
2014.10.07 17:00:35.083,1.61454,1.61477,1.00,1.00
2014.10.07 17:00:35.184,1.61454,1.61484,1.00,1.00
2014.10.07 17:00:35.285,1.61456,1.61484,1.00,1.00
2014.10.07 17:00:35.671,1.61454,1.61485,1.00,1.50
2014.10.07 17:00:35.722,1.61454,1.61478,1.00,1.00
2014.10.07 17:00:35.974,1.61451,1.61478,1.00,1.00
2014.10.07 17:00:36.074,1.61451,1.61476,1.00,1.00
2014.10.07 17:00:37.579,1.6145,1.61476,1.00,1.50
2014.10.07 17:00:38.877,1.61451,1.61476,1.00,1.00
2014.10.07 17:00:39.230,1.61451,1.61478,1.00,1.00
2014.10.07 17:00:40.890,1.6145,1.61478,1.00,1.00
2014.10.07 17:00:41.453,1.6145,1.61477,1.00,1.50
2014.10.07 17:00:42.022,1.61451,1.61476,1.00,1.00
2014.10.07 17:00:42.870,1.61451,1.61478,1.00,1.00
2014.10.07 17:00:43.393,1.61449,1.61478,1.00,1.00
2014.10.07 17:00:46.931,1.61449,1.61479,1.00,1.00
2014.10.07 17:00:50.649,1.61449,1.61481,1.00,1.00
2014.10.07 17:00:51.697,1.61449,1.61476,1.00,1.00
2014.10.07 17:00:52.049,1.61449,1.6148,1.00,1.00
2014.10.07 17:00:52.259,1.61449,1.61476,1.00,1.00
2014.10.07 17:00:56.420,1.61448,1.61476,1.00,1.00
2014.10.07 17:00:56.622,1.61446,1.61476,1.00,1.50
2014.10.07 17:00:57.531,1.61448,1.61476,1.00,1.50
2014.10.07 17:00:57.632,1.61449,1.61478,1.00,1.00
2014.10.07 17:00:58.157,1.61449,1.61479,1.00,1.00
2014.10.07 17:00:58.740,1.61456,1.61479,1.00,1.00
2014.10.07 17:00:58.791,1.61456,1.61483,1.00,1.00
2014.10.07 17:00:58.842,1.61458,1.61483,1.00,1.00
2014.10.07 17:00:59.043,1.61458,1.61487,1.00,1.00
2014.10.07 17:00:59.571,1.61458,1.61486,1.00,1.00
2014.10.07 17:00:59.932,1.61459,1.6149,1.00,1.00
2014.10.07 17:00:59.983,1.61464,1.6149,1.00,1.00
2014.10.07 17:01:00.134,1.61464,1.61494,1.00,1.00
2014.10.07 17:01:00.483,1.61468,1.61498,1.00,1.50
2014.10.07 17:01:00.785,1.6147,1.61499,1.00,1.00
2014.10.07 17:01:02.885,1.61467,1.61498,1.00,1.00
2014.10.07 17:01:02.936,1.61467,1.61496,1.00,1.00
2014.10.07 17:01:02.986,1.61464,1.61496,1.00,1.00
2014.10.07 17:01:03.087,1.61464,1.61494,1.00,1.00
2014.10.07 17:01:03.188,1.61461,1.61494,1.00,1.50
2014.10.07 17:01:04.212,1.61461,1.6149,1.00,1.00
2014.10.07 17:01:04.364,1.61459,1.6149,1.00,1.50
2014.10.07 17:01:04.570,1.61459,1.61487,1.00,1.00
2014.10.07 17:01:05.137,1.61459,1.61486,1.00,1.00
2014.10.07 17:01:05.558,1.61459,1.6149,1.00,1.50
2014.10.07 17:01:05.763,1.61461,1.6149,1.00,1.00
2014.10.07 17:01:07.680,1.61465,1.6149,1.00,1.00
2014.10.07 17:01:07.731,1.61465,1.61492,1.00,1.50
2014.10.07 17:01:08.477,1.61465,1.61494,1.00,1.00
2014.10.07 17:01:08.881,1.61462,1.61493,1.00,1.00
2014.10.07 17:01:08.982,1.61459,1.61492,1.00,1.00
2014.10.07 17:01:09.085,1.61457,1.6149,1.00,1.00
2014.10.07 17:01:09.489,1.61457,1.61486,1.00,1.00
2014.10.07 17:01:10.701,1.61457,1.61487,1.00,1.00
2014.10.07 17:01:11.003,1.61458,1.61491,1.00,1.50
2014.10.07 17:01:11.278,1.61458,1.61486,1.00,1.00
2014.10.07 17:01:13.420,1.61462,1.61486,1.00,1.00
2014.10.07 17:01:13.521,1.61457,1.61486,1.00,1.00
2014.10.07 17:01:14.039,1.61457,1.61487,1.00,1.00
2014.10.07 17:01:15.401,1.61457,1.61486,1.00,1.50
2014.10.07 17:01:15.602,1.6146,1.61486,1.00,1.00
2014.10.07 17:01:15.703,1.61458,1.61486,1.00,1.00
2014.10.07 17:01:15.754,1.61458,1.61488,1.00,1.00
2014.10.07 17:01:15.855,1.61454,1.6148,1.00,1.00
2014.10.07 17:01:15.905,1.61451,1.6148,1.00,1.00
2014.10.07 17:01:16.107,1.61448,1.6148,1.00,1.00
2014.10.07 17:01:16.169,1.61448,1.61476,1.00,1.00
2014.10.07 17:01:17.609,1.61448,1.61479,1.00,1.00
2014.10.07 17:01:17.660,1.61451,1.61479,1.00,1.00
2014.10.07 17:01:17.964,1.61457,1.61486,1.00,1.00
2014.10.07 17:01:18.014,1.61463,1.61486,1.00,1.00
2014.10.07 17:01:18.166,1.61463,1.6149,1.00,1.00
2014.10.07 17:01:20.554,1.61461,1.6149,1.00,1.00
2014.10.07 17:01:20.604,1.61461,1.61488,1.00,1.00
2014.10.07 17:01:20.655,1.61458,1.61488,1.00,1.00
2014.10.07 17:01:20.756,1.61458,1.61486,1.00,1.00
2014.10.07 17:01:21.889,1.61458,1.61485,1.00,1.00
2014.10.07 17:01:22.356,1.61462,1.61485,1.00,1.00
2014.10.07 17:01:22.677,1.61466,1.6149,1.00,1.00
2014.10.07 17:01:22.929,1.61467,1.61495,1.00,1.00
2014.10.07 17:01:23.375,1.61463,1.61495,1.00,1.00
2014.10.07 17:01:23.476,1.61462,1.61486,1.00,1.00
2014.10.07 17:01:23.577,1.61459,1.61486,1.00,1.00
2014.10.07 17:01:24.894,1.61466,1.61486,1.00,1.00
2014.10.07 17:01:25.046,1.61466,1.61488,1.00,1.00
2014.10.07 17:01:25.147,1.61466,1.61494,1.00,1.00
2014.10.07 17:01:25.197,1.61469,1.61494,1.00,1.00
2014.10.07 17:01:25.349,1.61469,1.61496,1.00,1.00
2014.10.07 17:01:25.929,1.61469,1.61497,1.00,1.50
2014.10.07 17:01:26.770,1.61467,1.61497,1.00,1.50
2014.10.07 17:01:26.871,1.61467,1.61493,1.00,1.00
2014.10.07 17:01:27.420,1.61467,1.61496,1.00,1.00
2014.10.07 17:01:28.496,1.61475,1.61497,1.00,1.00
2014.10.07 17:01:28.647,1.61475,1.61499,1.00,1.00
2014.10.07 17:01:28.852,1.61475,1.61496,1.00,1.00
2014.10.07 17:01:29.115,1.61475,1.61502,1.00,1.00
2014.10.07 17:01:30.599,1.61474,1.61502,1.00,1.00
2014.10.07 17:01:30.700,1.61472,1.61503,1.35,1.00
2014.10.07 17:01:30.952,1.61472,1.61501,1.00,1.00
2014.10.07 17:01:32.371,1.61472,1.61496,1.00,1.00
2014.10.07 17:01:32.677,1.6148,1.61504,1.00,1.00
2014.10.07 17:01:32.930,1.61487,1.61515,1.00,1.00
2014.10.07 17:01:33.031,1.61491,1.61515,1.00,1.00
2014.10.07 17:01:33.558,1.61491,1.61516,1.00,1.00
2014.10.07 17:01:33.608,1.61488,1.61516,1.00,1.00
2014.10.07 17:01:34.172,1.61487,1.61515,1.35,1.00
2014.10.07 17:01:37.619,1.61492,1.61515,1.00,1.00
2014.10.07 17:01:37.669,1.61492,1.61521,1.00,1.00
2014.10.07 17:01:37.821,1.61495,1.61521,1.00,1.00
2014.10.07 17:01:37.972,1.61497,1.61525,1.00,1.00
2014.10.07 17:01:38.130,1.61492,1.61525,1.00,1.50
2014.10.07 17:01:38.231,1.61487,1.61518,1.00,1.00
2014.10.07 17:01:38.534,1.6148,1.61511,1.00,1.00
2014.10.07 17:01:38.836,1.6148,1.61507,1.00,1.50
2014.10.07 17:01:38.937,1.61477,1.61506,1.00,1.00
2014.10.07 17:01:39.088,1.61478,1.61504,1.00,1.00
2014.10.07 17:01:39.418,1.61478,1.61502,1.00,1.00
2014.10.07 17:01:39.897,1.61477,1.61497,1.00,1.00
2014.10.07 17:01:39.948,1.61475,1.61497,1.00,1.00
2014.10.07 17:01:40.466,1.6147,1.61496,1.00,1.00
2014.10.07 17:01:40.567,1.61465,1.61486,1.00,1.00
2014.10.07 17:01:40.668,1.61461,1.61486,1.00,1.00
2014.10.07 17:01:40.870,1.61461,1.61488,1.00,1.00
2014.10.07 17:01:41.245,1.61464,1.61488,1.00,1.00
2014.10.07 17:01:41.295,1.61464,1.61491,1.00,1.00
2014.10.07 17:01:41.396,1.61471,1.61491,1.00,1.00
2014.10.07 17:01:41.605,1.61471,1.61499,1.00,1.00
2014.10.07 17:01:41.655,1.61471,1.61496,1.00,1.00
2014.10.07 17:01:41.958,1.61473,1.61499,1.00,1.00
2014.10.07 17:01:42.059,1.61473,1.61496,1.00,1.00
2014.10.07 17:01:44.150,1.61473,1.61499,1.00,1.00
2014.10.07 17:01:44.200,1.61479,1.61499,1.00,1.00
2014.10.07 17:01:44.402,1.61475,1.61496,1.00,1.00
2014.10.07 17:01:44.910,1.61474,1.61496,1.00,1.00
2014.10.07 17:01:45.676,1.61472,1.61496,1.00,1.00
2014.10.07 17:01:46.210,1.61468,1.61497,1.00,1.50
2014.10.07 17:01:46.737,1.61474,1.61497,1.00,1.50
2014.10.07 17:01:48.230,1.61474,1.61496,1.00,1.00
2014.10.07 17:01:48.753,1.61474,1.61497,1.00,1.00
2014.10.07 17:01:49.410,1.61477,1.61497,1.00,1.00
2014.10.07 17:01:50.232,1.6148,1.61497,1.00,1.00
2014.10.07 17:01:50.534,1.61476,1.61497,1.00,1.00
2014.10.07 17:01:52.423,1.61479,1.61497,1.00,1.00
2014.10.07 17:01:52.675,1.61483,1.61504,1.00,1.00
2014.10.07 17:01:52.725,1.61498,1.61504,1.00,1.00
2014.10.07 17:01:52.826,1.61501,1.61517,1.00,1.00
2014.10.07 17:01:52.877,1.61501,1.61525,1.00,1.00
2014.10.07 17:01:53.028,1.61504,1.61526,1.00,1.50
2014.10.07 17:01:53.331,1.61508,1.61526,1.00,1.00
2014.10.07 17:01:53.432,1.61508,1.61531,1.00,1.00
2014.10.07 17:01:53.583,1.61508,1.61536,1.00,1.50
2014.10.07 17:01:53.633,1.6151,1.61536,1.00,1.50
2014.10.07 17:01:54.051,1.61502,1.61537,1.00,1.00
2014.10.07 17:01:54.101,1.61502,1.61527,1.00,1.00
2014.10.07 17:01:54.409,1.61507,1.61535,1.00,1.00
2014.10.07 17:01:54.970,1.61502,1.61535,1.00,1.00
2014.10.07 17:01:55.071,1.61506,1.61526,1.00,1.00
2014.10.07 17:01:55.379,1.61511,1.61527,1.00,1.00
2014.10.07 17:01:55.429,1.61511,1.61535,1.00,1.00
2014.10.07 17:01:55.484,1.61511,1.61537,1.00,1.00
2014.10.07 17:01:55.788,1.61503,1.61534,1.60,1.00
2014.10.07 17:01:56.303,1.61498,1.61533,1.60,1.00
2014.10.07 17:01:56.556,1.61498,1.61533,1.00,1.50
2014.10.07 17:01:56.607,1.61497,1.61526,2.25,1.00
2014.10.07 17:01:56.809,1.61493,1.61526,1.50,1.00
2014.10.07 17:01:56.910,1.61493,1.61523,1.00,1.00
2014.10.07 17:01:57.212,1.61485,1.61515,1.00,1.00
2014.10.07 17:01:57.716,1.61486,1.61515,1.00,1.00
2014.10.07 17:01:57.767,1.61483,1.61514,1.00,1.00
2014.10.07 17:01:57.868,1.61483,1.61507,1.00,1.00
2014.10.07 17:01:58.170,1.61482,1.61505,1.00,1.00
2014.10.07 17:01:58.779,1.61482,1.61504,1.00,1.00
2014.10.07 17:01:58.990,1.61482,1.61506,1.00,1.00
2014.10.07 17:01:59.141,1.61476,1.61497,1.00,1.00
2014.10.07 17:01:59.192,1.61468,1.61494,1.00,1.00
2014.10.07 17:01:59.343,1.61468,1.61486,1.50,1.00
2014.10.07 17:01:59.649,1.61468,1.61482,1.50,1.00
2014.10.07 17:01:59.955,1.61468,1.61479,1.50,1.00
2014.10.07 17:02:00.285,1.61468,1.61476,1.50,1.00
2014.10.07 17:02:00.609,1.61468,1.6148,1.00,1.50
2014.10.07 17:02:00.660,1.61462,1.6148,1.00,1.50
2014.10.07 17:02:00.710,1.61462,1.61476,1.00,1.00
2014.10.07 17:02:00.938,1.61462,1.6148,1.00,1.00
2014.10.07 17:02:00.989,1.61446,1.6148,1.00,1.00
2014.10.07 17:02:02.075,1.61443,1.61478,1.00,1.00
2014.10.07 17:02:02.612,1.61442,1.61478,1.00,1.00
2014.10.07 17:02:04.117,1.6144,1.61474,1.00,1.00
2014.10.07 17:02:04.420,1.61436,1.6147,1.00,1.00
2014.10.07 17:02:04.571,1.61431,1.61466,1.00,1.00
2014.10.07 17:02:04.689,1.61429,1.61463,1.00,1.00
2014.10.07 17:02:05.611,1.61431,1.61467,1.00,1.00
2014.10.07 17:02:06.123,1.61432,1.61467,1.00,1.00
2014.10.07 17:02:06.677,1.61431,1.61467,1.00,1.00
2014.10.07 17:02:09.148,1.61431,1.61466,1.00,1.00
2014.10.07 17:02:09.551,1.61431,1.61463,1.00,1.00
2014.10.07 17:02:10.245,1.61431,1.61465,1.00,1.00
2014.10.07 17:02:10.568,1.61427,1.61463,1.00,1.00
2014.10.07 17:02:13.679,1.61432,1.61463,1.00,1.00
2014.10.07 17:02:16.346,1.61429,1.61462,1.00,1.00
2014.10.07 17:02:17.679,1.61425,1.61458,1.00,1.00
2014.10.07 17:02:17.982,1.61421,1.61452,1.00,1.00
2014.10.07 17:02:18.514,1.6142,1.61453,1.00,1.00
2014.10.07 17:02:18.816,1.61442,1.61464,1.00,1.00
2014.10.07 17:02:18.868,1.61442,1.61473,1.00,1.00
2014.10.07 17:02:19.170,1.61439,1.61471,1.00,1.00
2014.10.07 17:02:19.271,1.61438,1.61466,1.00,1.00
2014.10.07 17:02:19.789,1.61437,1.61466,1.00,1.00
2014.10.07 17:02:20.477,1.61437,1.61467,1.00,1.00
2014.10.07 17:02:21.975,1.6144,1.61467,1.00,1.00
2014.10.07 17:02:22.026,1.6144,1.61471,1.00,1.00
2014.10.07 17:02:22.178,1.61442,1.61473,1.00,1.00
2014.10.07 17:02:22.598,1.61446,1.61476,1.00,1.00
2014.10.07 17:02:22.900,1.61449,1.61476,1.00,1.00
2014.10.07 17:02:23.119,1.61449,1.61482,1.00,1.50
2014.10.07 17:02:24.999,1.61452,1.61482,1.00,1.00
2014.10.07 17:02:25.050,1.61452,1.61485,1.00,1.00
2014.10.07 17:02:27.608,1.61452,1.61477,1.00,1.00
2014.10.07 17:02:27.999,1.61456,1.61477,1.00,1.00
2014.10.07 17:02:28.201,1.61456,1.61486,1.00,1.00
2014.10.07 17:02:28.550,1.61454,1.61486,1.00,1.00
2014.10.07 17:02:28.600,1.6145,1.61477,1.00,1.00
2014.10.07 17:02:28.903,1.61444,1.61475,1.00,1.00
2014.10.07 17:02:29.155,1.61441,1.61476,1.00,1.50
2014.10.07 17:02:29.256,1.61435,1.61466,1.00,1.00
2014.10.07 17:02:30.540,1.61434,1.61465,1.00,1.00
2014.10.07 17:02:32.840,1.61431,1.61464,1.00,1.00
2014.10.07 17:02:33.042,1.61429,1.6146,1.00,1.00
2014.10.07 17:02:33.143,1.61426,1.61459,1.00,1.00
2014.10.07 17:02:33.658,1.61443,1.6146,1.00,1.00
2014.10.07 17:02:33.759,1.61446,1.61467,1.00,1.00
2014.10.07 17:02:33.961,1.61443,1.61476,1.00,1.50
2014.10.07 17:02:34.112,1.61445,1.61476,1.00,1.50
2014.10.07 17:02:34.566,1.61448,1.61478,1.00,1.00
2014.10.07 17:02:34.717,1.61453,1.61484,1.00,1.00
2014.10.07 17:02:34.767,1.61456,1.61485,1.00,1.00
2014.10.07 17:02:35.205,1.61458,1.61487,1.00,1.00
2014.10.07 17:02:35.325,1.61455,1.61487,1.00,1.00
2014.10.07 17:02:36.027,1.61454,1.61485,1.00,1.00
2014.10.07 17:02:36.333,1.61447,1.6148,1.50,1.00
2014.10.07 17:02:36.434,1.61451,1.61482,1.00,1.00
2014.10.07 17:02:36.636,1.61455,1.61487,1.00,1.00
2014.10.07 17:02:36.737,1.61459,1.61487,1.00,1.00
2014.10.07 17:02:37.272,1.61459,1.61486,1.00,1.00
2014.10.07 17:02:39.228,1.61461,1.61486,1.00,1.00
2014.10.07 17:02:39.279,1.61464,1.61495,1.00,1.00
2014.10.07 17:02:39.939,1.61464,1.61496,1.00,1.00
2014.10.07 17:02:41.564,1.61466,1.61496,1.00,1.00
2014.10.07 17:02:42.081,1.61467,1.61496,1.00,1.00
2014.10.07 17:02:42.485,1.61465,1.61496,1.00,1.50
2014.10.07 17:02:42.586,1.61462,1.61493,1.50,1.00
2014.10.07 17:02:42.908,1.61462,1.61487,1.00,1.00
2014.10.07 17:02:43.288,1.6146,1.61487,1.00,1.00
2014.10.07 17:02:43.398,1.61463,1.61486,1.00,1.00
2014.10.07 17:02:43.701,1.6146,1.61486,1.00,1.00
2014.10.07 17:02:43.909,1.61466,1.61486,1.00,1.00
2014.10.07 17:02:44.111,1.61462,1.61486,1.00,1.00
2014.10.07 17:02:44.212,1.6146,1.61486,1.00,1.00
2014.10.07 17:02:44.413,1.61464,1.61496,1.00,1.50
2014.10.07 17:02:45.318,1.61461,1.61494,1.50,1.00
2014.10.07 17:02:45.368,1.61461,1.61487,1.50,1.00
2014.10.07 17:02:45.620,1.61459,1.61486,1.00,1.00
2014.10.07 17:02:45.721,1.61454,1.61486,1.00,1.00
2014.10.07 17:02:45.922,1.61453,1.61484,1.00,1.00
2014.10.07 17:02:46.400,1.61451,1.61482,1.00,1.00
2014.10.07 17:02:46.702,1.61458,1.61487,1.00,1.50
2014.10.07 17:02:47.339,1.61458,1.61486,1.00,1.00
2014.10.07 17:02:48.665,1.61458,1.61487,1.00,1.00
2014.10.07 17:02:48.716,1.61456,1.61486,1.00,1.00
2014.10.07 17:02:48.918,1.61452,1.61483,1.50,1.00
2014.10.07 17:02:49.119,1.61457,1.61486,1.00,1.00
2014.10.07 17:02:49.220,1.61454,1.61485,1.00,1.00
2014.10.07 17:02:49.577,1.61454,1.61477,1.00,1.00
2014.10.07 17:02:50.859,1.61454,1.61476,1.00,1.00
2014.10.07 17:02:51.228,1.61457,1.61476,1.00,1.00
2014.10.07 17:02:51.329,1.61457,1.61487,1.00,1.00
2014.10.07 17:02:51.430,1.61459,1.61487,1.00,1.00
2014.10.07 17:02:51.733,1.61464,1.61486,1.00,1.00
2014.10.07 17:02:52.062,1.6146,1.61486,1.00,1.00
2014.10.07 17:02:52.332,1.61463,1.61486,1.00,1.00
2014.10.07 17:02:52.436,1.61461,1.61486,1.00,1.00
2014.10.07 17:02:52.537,1.61463,1.61486,1.00,1.00
2014.10.07 17:02:53.408,1.61463,1.61487,1.00,1.00
2014.10.07 17:02:54.453,1.61461,1.61487,1.00,1.00
2014.10.07 17:02:55.029,1.61461,1.61486,1.00,1.00
2014.10.07 17:02:55.549,1.61461,1.61487,1.00,1.00
2014.10.07 17:02:56.452,1.61464,1.61487,1.00,1.00
2014.10.07 17:02:57.028,1.61464,1.61486,1.00,1.00
2014.10.07 17:02:57.697,1.61462,1.61487,1.00,1.00
2014.10.07 17:02:57.798,1.6146,1.61487,1.00,1.00
2014.10.07 17:02:58.477,1.6146,1.61486,1.00,1.00
2014.10.07 17:02:59.897,1.61465,1.61486,1.00,1.00
2014.10.07 17:03:00.055,1.61463,1.61487,1.00,1.00
2014.10.07 17:03:00.358,1.6146,1.61486,1.00,1.00
2014.10.07 17:03:03.078,1.61466,1.61486,1.00,1.00
2014.10.07 17:03:04.575,1.61463,1.61486,1.00,1.00
2014.10.07 17:03:04.676,1.61459,1.61486,1.00,1.00
2014.10.07 17:03:04.777,1.61463,1.61486,1.00,1.00
2014.10.07 17:03:04.877,1.6146,1.61486,1.00,1.00
2014.10.07 17:03:04.978,1.61459,1.61477,1.00,1.00
2014.10.07 17:03:05.079,1.61459,1.61486,1.00,1.00
2014.10.07 17:03:07.269,1.61459,1.61487,1.00,1.00
2014.10.07 17:03:07.421,1.61455,1.61485,1.00,1.00
2014.10.07 17:03:07.471,1.61454,1.61477,1.50,1.00
2014.10.07 17:03:07.623,1.61454,1.61481,1.00,1.00
2014.10.07 17:03:07.724,1.6145,1.61481,1.00,1.00
2014.10.07 17:03:07.830,1.6145,1.61476,1.00,1.00
2014.10.07 17:03:08.047,1.6145,1.61478,1.00,1.00
2014.10.07 17:03:08.566,1.6145,1.61479,1.50,1.00
2014.10.07 17:03:08.617,1.6145,1.61477,1.50,1.00
2014.10.07 17:03:09.592,1.61446,1.61477,1.00,1.00
2014.10.07 17:03:09.856,1.61451,1.61482,1.00,1.00
2014.10.07 17:03:10.160,1.61451,1.61476,1.00,1.00
2014.10.07 17:03:10.262,1.61449,1.61478,1.00,1.00
2014.10.07 17:03:10.758,1.61448,1.61476,1.00,1.00
2014.10.07 17:03:11.037,1.61454,1.61486,1.00,1.50
2014.10.07 17:03:11.138,1.6145,1.61481,1.50,1.00
2014.10.07 17:03:12.439,1.61449,1.61482,1.50,1.00
2014.10.07 17:03:12.828,1.61449,1.6148,1.00,1.00
2014.10.07 17:03:13.137,1.61447,1.61477,1.00,1.00
2014.10.07 17:03:13.544,1.61445,1.61475,1.00,1.00
2014.10.07 17:03:13.874,1.61447,1.61476,1.00,1.00
2014.10.07 17:03:13.975,1.61445,1.61476,1.00,1.00
2014.10.07 17:03:14.449,1.61447,1.61477,1.00,1.00
2014.10.07 17:03:14.998,1.61447,1.61476,1.00,1.00
2014.10.07 17:03:15.339,1.61451,1.61476,1.00,1.00
2014.10.07 17:03:15.440,1.61448,1.61477,1.00,1.00
2014.10.07 17:03:15.541,1.6145,1.61477,1.00,1.00
2014.10.07 17:03:15.844,1.61448,1.61477,1.00,1.00
2014.10.07 17:03:16.926,1.61448,1.61476,1.00,1.00
2014.10.07 17:03:18.042,1.61451,1.61476,1.00,1.00
2014.10.07 17:03:19.446,1.61454,1.61476,1.00,1.00
2014.10.07 17:03:19.597,1.61454,1.61485,1.00,1.00
2014.10.07 17:03:20.754,1.61456,1.61486,1.00,1.00
2014.10.07 17:03:22.803,1.61453,1.61486,1.00,1.50
2014.10.07 17:03:22.904,1.61452,1.61476,1.00,1.00
2014.10.07 17:03:23.006,1.61452,1.61483,1.00,1.00
2014.10.07 17:03:23.208,1.6145,1.61477,1.00,1.00
2014.10.07 17:03:23.309,1.61447,1.61477,1.50,1.00
2014.10.07 17:03:24.694,1.61447,1.61476,1.00,1.00
2014.10.07 17:03:26.219,1.61447,1.61478,1.00,1.00
2014.10.07 17:03:26.270,1.61449,1.61482,1.00,1.00
2014.10.07 17:03:26.572,1.61453,1.61484,1.00,1.00
2014.10.07 17:03:27.029,1.61451,1.61482,1.00,1.00
2014.10.07 17:03:27.080,1.61452,1.61485,1.00,1.00
2014.10.07 17:03:27.469,1.6145,1.61484,1.00,1.00
2014.10.07 17:03:30.878,1.61449,1.61478,1.00,1.00
2014.10.07 17:03:31.130,1.61444,1.61474,1.00,1.00
2014.10.07 17:03:31.181,1.6145,1.61481,1.00,1.00
2014.10.07 17:03:31.382,1.61456,1.61482,1.00,1.00
2014.10.07 17:03:31.484,1.61456,1.61486,1.00,1.00
2014.10.07 17:03:31.584,1.61457,1.6149,1.00,1.00
2014.10.07 17:03:31.685,1.61459,1.61492,1.00,1.50
2014.10.07 17:03:31.987,1.61462,1.61495,1.00,1.00
2014.10.07 17:03:32.290,1.61462,1.61486,1.00,1.00
2014.10.07 17:03:32.340,1.61462,1.61493,1.00,1.00
2014.10.07 17:03:32.391,1.61467,1.61495,1.00,1.00
2014.10.07 17:03:32.442,1.61467,1.61499,1.00,1.00
2014.10.07 17:03:32.492,1.61473,1.61499,1.00,1.00
2014.10.07 17:03:32.694,1.61476,1.61507,1.00,1.50
2014.10.07 17:03:33.066,1.61478,1.61511,1.00,1.00
2014.10.07 17:03:33.491,1.61483,1.61514,1.00,1.00
2014.10.07 17:03:33.894,1.61481,1.6151,1.00,1.00
2014.10.07 17:03:33.996,1.61479,1.6151,1.00,1.00
2014.10.07 17:03:34.096,1.61476,1.61509,1.50,1.00
2014.10.07 17:03:34.980,1.61476,1.61507,1.00,1.00
2014.10.07 17:03:35.341,1.61476,1.61509,1.00,1.00
2014.10.07 17:03:35.729,1.61478,1.61511,1.00,1.00
2014.10.07 17:03:36.031,1.6149,1.61521,1.00,1.00
2014.10.07 17:03:36.183,1.6149,1.61523,1.00,1.00
2014.10.07 17:03:36.234,1.61493,1.61524,1.00,1.50
2014.10.07 17:03:39.008,1.61491,1.61522,1.00,1.00
2014.10.07 17:03:39.897,1.61493,1.61525,1.00,1.00
2014.10.07 17:03:40.244,1.61495,1.61528,1.00,1.00
2014.10.07 17:03:41.423,1.61494,1.61525,1.00,1.00
2014.10.07 17:03:42.240,1.61491,1.61524,1.00,1.00
2014.10.07 17:03:42.343,1.6149,1.61521,1.00,1.00
2014.10.07 17:03:42.548,1.61491,1.61524,1.00,1.00
2014.10.07 17:03:45.839,1.61493,1.61526,1.00,1.00
2014.10.07 17:03:46.165,1.61497,1.61528,1.50,1.00
2014.10.07 17:03:46.917,1.61501,1.61532,1.00,1.00
2014.10.07 17:03:47.557,1.61504,1.61536,1.00,1.00
2014.10.07 17:03:48.108,1.61505,1.61536,1.00,1.00
2014.10.07 17:03:48.818,1.61504,1.61536,1.00,1.00
2014.10.07 17:03:48.969,1.61503,1.61533,1.00,1.00
2014.10.07 17:03:49.496,1.61502,1.61533,1.00,1.00
2014.10.07 17:03:55.768,1.615,1.6153,1.00,1.00
2014.10.07 17:03:55.970,1.61496,1.61527,1.00,1.00
2014.10.07 17:03:58.526,1.61496,1.61527,1.60,1.00
2014.10.07 17:03:58.577,1.61498,1.61531,1.00,1.00
2014.10.07 17:03:58.678,1.61501,1.61534,1.00,1.50
2014.10.07 17:04:00.829,1.61501,1.61526,1.00,1.00
2014.10.07 17:04:01.369,1.61501,1.61527,1.00,1.00
2014.10.07 17:04:01.956,1.61501,1.61526,1.00,1.00
2014.10.07 17:04:02.488,1.61501,1.61527,1.00,1.00
2014.10.07 17:04:03.055,1.61501,1.61526,1.00,1.00
2014.10.07 17:04:04.506,1.61503,1.61526,1.00,1.00
2014.10.07 17:04:04.846,1.61505,1.61526,1.00,1.00
2014.10.07 17:04:04.897,1.61501,1.6153,1.00,1.00
2014.10.07 17:04:05.099,1.61499,1.6153,1.00,1.00
2014.10.07 17:04:05.926,1.61499,1.61526,1.00,1.00
2014.10.07 17:04:06.377,1.61496,1.61526,1.50,1.00
2014.10.07 17:04:07.031,1.61496,1.61527,1.00,1.00
2014.10.07 17:04:07.396,1.61498,1.61527,1.00,1.00
2014.10.07 17:04:07.628,1.615,1.61531,1.00,1.00
2014.10.07 17:04:07.957,1.615,1.61526,1.00,1.00
2014.10.07 17:04:08.108,1.61498,1.61527,1.00,1.00
2014.10.07 17:04:08.626,1.61495,1.61524,1.00,1.00
2014.10.07 17:04:08.727,1.6149,1.61522,1.00,1.00
2014.10.07 17:04:08.828,1.61492,1.61523,1.00,1.00
2014.10.07 17:04:09.326,1.61494,1.61525,1.00,1.00
2014.10.07 17:04:10.217,1.61494,1.6152,1.00,1.00
2014.10.07 17:04:10.419,1.61487,1.61518,1.50,1.00
2014.10.07 17:04:10.520,1.6149,1.61521,1.00,1.00
2014.10.07 17:04:10.922,1.61491,1.61524,1.00,1.00
2014.10.07 17:04:11.023,1.61493,1.61526,1.00,1.00
2014.10.07 17:04:11.570,1.61494,1.61526,1.00,1.00
2014.10.07 17:04:13.258,1.61499,1.61527,1.00,1.00
2014.10.07 17:04:13.360,1.61497,1.61528,1.00,1.00
2014.10.07 17:04:13.633,1.61499,1.6153,1.00,1.00
2014.10.07 17:04:13.944,1.61502,1.61533,1.00,1.00
2014.10.07 17:04:16.168,1.61507,1.61537,1.00,1.00
2014.10.07 17:04:16.705,1.61507,1.61538,1.00,1.00
2014.10.07 17:04:16.957,1.61509,1.61542,1.00,1.50
2014.10.07 17:04:17.260,1.61512,1.61543,1.00,1.50
2014.10.07 17:04:18.251,1.61514,1.61545,1.00,1.00
2014.10.07 17:04:19.279,1.61517,1.61549,1.00,1.00
2014.10.07 17:04:19.380,1.6152,1.6155,1.00,1.00
2014.10.07 17:04:19.912,1.6152,1.61551,1.00,1.00
2014.10.07 17:04:20.397,1.61518,1.61549,1.00,1.00
2014.10.07 17:04:20.919,1.6152,1.61551,1.00,1.00
2014.10.07 17:04:21.249,1.61527,1.61556,1.00,1.00
2014.10.07 17:04:21.402,1.61524,1.61555,1.00,1.00
2014.10.07 17:04:22.117,1.61527,1.61556,1.00,1.00
2014.10.07 17:04:22.218,1.61524,1.61556,1.50,1.00
2014.10.07 17:04:22.319,1.61524,1.61553,1.00,1.00
2014.10.07 17:04:22.622,1.61519,1.61546,1.00,1.00
2014.10.07 17:04:22.836,1.61522,1.61553,1.00,1.00
2014.10.07 17:04:22.937,1.61525,1.61556,1.00,1.50
2014.10.07 17:04:23.471,1.61526,1.61546,1.00,1.00
2014.10.07 17:04:23.626,1.61526,1.61556,1.00,1.00
2014.10.07 17:04:23.727,1.61526,1.61547,1.00,1.00
2014.10.07 17:04:24.277,1.61526,1.61557,1.00,1.00
2014.10.07 17:04:24.778,1.61526,1.61556,1.00,1.00
2014.10.07 17:04:24.828,1.61526,1.61546,1.00,1.00
2014.10.07 17:04:26.233,1.61525,1.61546,1.00,1.00
2014.10.07 17:04:27.806,1.61522,1.61546,1.00,1.00
2014.10.07 17:04:27.907,1.6152,1.61546,1.00,1.00
2014.10.07 17:04:28.109,1.61517,1.61547,1.00,1.00
2014.10.07 17:04:28.456,1.61516,1.61537,1.00,1.00
2014.10.07 17:04:28.840,1.61519,1.61536,1.00,1.00
2014.10.07 17:04:29.092,1.6152,1.61546,1.00,1.00
2014.10.07 17:04:29.847,1.6152,1.61536,1.00,1.00
2014.10.07 17:04:30.445,1.61525,1.61536,1.00,1.00
2014.10.07 17:04:30.546,1.61524,1.61546,1.00,1.00
2014.10.07 17:04:30.647,1.61524,1.61537,1.00,1.00
2014.10.07 17:04:31.085,1.61524,1.61547,1.00,1.00
2014.10.07 17:04:31.186,1.61522,1.61536,1.00,1.00
2014.10.07 17:04:32.156,1.61522,1.61546,1.00,1.00
2014.10.07 17:04:34.083,1.6152,1.61546,1.00,1.00
2014.10.07 17:04:34.634,1.6152,1.61547,1.00,1.00
2014.10.07 17:04:34.786,1.61518,1.61547,1.00,1.00
2014.10.07 17:04:35.349,1.61519,1.61547,1.00,1.00
2014.10.07 17:04:39.995,1.61522,1.61547,1.00,1.00
2014.10.07 17:04:40.538,1.61522,1.61546,1.00,1.00
2014.10.07 17:04:40.639,1.61523,1.61556,1.00,1.50
2014.10.07 17:04:41.100,1.61525,1.61556,1.00,1.50
2014.10.07 17:04:41.425,1.61523,1.61556,1.50,1.50
2014.10.07 17:04:41.755,1.61526,1.61556,1.00,1.00
2014.10.07 17:04:42.998,1.61522,1.61553,1.00,1.00
2014.10.07 17:04:43.378,1.61521,1.61546,1.00,1.00
2014.10.07 17:04:43.865,1.61519,1.61546,1.00,1.00
2014.10.07 17:04:44.211,1.61521,1.61546,1.00,1.00
2014.10.07 17:04:44.413,1.61521,1.61552,1.00,1.00
2014.10.07 17:04:44.568,1.6152,1.61555,1.00,1.00
2014.10.07 17:04:44.677,1.61519,1.61552,1.00,1.00
2014.10.07 17:04:45.004,1.61519,1.61546,1.00,1.00
2014.10.07 17:04:45.135,1.61519,1.61552,1.00,1.00
2014.10.07 17:04:45.388,1.61519,1.61549,1.00,1.00
2014.10.07 17:04:45.495,1.61515,1.61548,1.50,1.00
2014.10.07 17:04:45.973,1.61518,1.61549,1.00,1.00
2014.10.07 17:04:50.716,1.61515,1.61546,1.50,1.00
2014.10.07 17:04:51.259,1.61516,1.61546,1.00,1.00
2014.10.07 17:04:53.043,1.61516,1.61544,1.00,1.00
2014.10.07 17:04:53.094,1.61513,1.61544,1.50,1.00
2014.10.07 17:04:53.245,1.61513,1.61542,1.00,1.00
2014.10.07 17:04:53.296,1.61511,1.61542,1.00,1.00
2014.10.07 17:04:56.143,1.61513,1.61544,1.00,1.00
2014.10.07 17:05:00.720,1.61511,1.61542,1.00,1.00
2014.10.07 17:05:01.121,1.61509,1.61541,1.00,1.00
2014.10.07 17:05:01.223,1.61509,1.61539,1.00,1.00
2014.10.07 17:05:01.526,1.61505,1.61535,1.50,1.00
2014.10.07 17:05:04.161,1.61505,1.61538,1.50,1.00
2014.10.07 17:05:04.227,1.61507,1.61538,1.00,1.00
2014.10.07 17:05:10.946,1.61507,1.61536,1.00,1.00
2014.10.07 17:05:14.208,1.61507,1.61538,1.00,1.00
2014.10.07 17:05:17.186,1.61505,1.61535,1.00,1.00
2014.10.07 17:05:17.675,1.61502,1.61532,1.00,1.00
2014.10.07 17:05:17.725,1.61499,1.61532,1.00,1.00
2014.10.07 17:05:17.881,1.61499,1.61527,1.00,1.00
2014.10.07 17:05:18.607,1.61497,1.61526,1.00,1.00
2014.10.07 17:05:19.170,1.61496,1.61526,1.00,1.00
2014.10.07 17:05:20.138,1.61496,1.61527,1.00,1.50
2014.10.07 17:05:20.396,1.61501,1.61527,1.00,1.00
2014.10.07 17:05:20.606,1.61501,1.61532,1.00,1.00
2014.10.07 17:05:20.707,1.61505,1.61536,1.00,1.00
2014.10.07 17:05:21.010,1.61503,1.61534,1.00,1.00
2014.10.07 17:05:21.318,1.61508,1.61536,1.00,1.00
2014.10.07 17:05:21.369,1.61508,1.61538,1.00,1.00
2014.10.07 17:05:21.420,1.61512,1.61538,1.00,1.00
2014.10.07 17:05:21.470,1.61512,1.61545,1.00,1.00
2014.10.07 17:05:21.521,1.61515,1.61546,1.00,2.25
2014.10.07 17:05:21.927,1.6152,1.61546,1.00,1.00
2014.10.07 17:05:22.028,1.61517,1.61546,1.00,1.00
2014.10.07 17:05:22.532,1.61516,1.61546,1.00,1.00
2014.10.07 17:05:22.734,1.6152,1.61551,1.00,1.00
2014.10.07 17:05:22.935,1.6152,1.61546,1.00,1.00
2014.10.07 17:05:23.367,1.6152,1.61551,1.00,1.00
2014.10.07 17:05:23.888,1.61522,1.61553,1.00,1.00
2014.10.07 17:05:24.191,1.61524,1.61555,1.00,1.00
2014.10.07 17:05:24.550,1.61522,1.61552,1.00,1.00
2014.10.07 17:05:24.651,1.6152,1.61551,1.00,1.00
2014.10.07 17:05:24.752,1.61517,1.61548,1.00,1.00
2014.10.07 17:05:25.054,1.61517,1.61546,1.00,1.00
2014.10.07 17:05:25.624,1.61516,1.61546,1.00,1.00
2014.10.07 17:05:25.972,1.61516,1.61544,1.00,1.00
2014.10.07 17:05:26.073,1.61513,1.61544,1.50,1.00
2014.10.07 17:05:26.549,1.61511,1.61539,1.00,1.00
2014.10.07 17:05:26.751,1.61508,1.61539,1.00,1.50
2014.10.07 17:05:26.852,1.61507,1.61536,1.00,1.00
2014.10.07 17:05:27.605,1.61505,1.61536,1.00,1.00
2014.10.07 17:05:31.791,1.61505,1.61538,1.00,1.00
2014.10.07 17:05:31.901,1.61514,1.61543,1.00,1.00
2014.10.07 17:05:31.951,1.61514,1.61545,1.00,1.00
2014.10.07 17:05:32.002,1.61519,1.61547,1.00,1.00
2014.10.07 17:05:32.153,1.61519,1.6155,1.00,1.00
2014.10.07 17:05:32.204,1.61521,1.61552,1.00,1.50
2014.10.07 17:05:32.726,1.61522,1.61552,1.00,1.00
2014.10.07 17:05:34.206,1.61526,1.61556,1.00,1.00
2014.10.07 17:05:34.867,1.61522,1.61555,1.50,1.00
2014.10.07 17:05:35.396,1.6152,1.61553,1.00,1.00
2014.10.07 17:05:35.921,1.61521,1.61553,1.00,1.00
2014.10.07 17:05:36.023,1.61524,1.61557,1.00,1.50
2014.10.07 17:05:36.426,1.61521,1.61552,1.00,1.00
2014.10.07 17:05:36.759,1.61519,1.6155,1.00,1.00
2014.10.07 17:05:36.961,1.61513,1.61546,1.00,1.00
2014.10.07 17:05:37.012,1.61511,1.61545,1.00,1.00
2014.10.07 17:05:39.730,1.61508,1.61542,1.00,1.00
2014.10.07 17:05:39.943,1.61505,1.61542,1.00,1.00
2014.10.07 17:05:40.246,1.61503,1.61539,1.00,1.00
2014.10.07 17:05:40.868,1.61503,1.61538,1.00,1.00
2014.10.07 17:05:42.356,1.61503,1.61536,1.00,1.00
2014.10.07 17:05:44.112,1.61499,1.61533,1.50,1.00
2014.10.07 17:05:44.726,1.61501,1.61536,1.00,1.00
2014.10.07 17:05:52.240,1.61508,1.61536,1.00,1.00
2014.10.07 17:05:52.291,1.61508,1.61542,1.00,1.00
2014.10.07 17:05:52.342,1.61511,1.61545,1.00,1.50
2014.10.07 17:05:53.140,1.61512,1.61545,1.00,1.00
2014.10.07 17:05:53.673,1.61511,1.61545,1.00,1.00
2014.10.07 17:05:54.183,1.61513,1.61545,1.00,1.00
2014.10.07 17:05:54.856,1.61515,1.61546,1.00,1.00
2014.10.07 17:05:57.865,1.61515,1.61547,1.00,1.00
2014.10.07 17:05:58.375,1.61515,1.61546,1.00,1.00
2014.10.07 17:05:58.762,1.61513,1.61546,1.00,1.00
2014.10.07 17:05:59.750,1.61513,1.61547,1.00,1.00
2014.10.07 17:06:00.259,1.61513,1.61546,1.00,1.00
2014.10.07 17:06:00.617,1.61515,1.61536,1.00,1.00
2014.10.07 17:06:00.768,1.61515,1.61544,1.00,1.00
2014.10.07 17:06:00.819,1.61516,1.61547,1.00,1.00
2014.10.07 17:06:00.870,1.61516,1.61552,1.00,1.00
2014.10.07 17:06:00.920,1.61523,1.61552,1.00,1.00
2014.10.07 17:06:00.971,1.61524,1.61554,1.00,1.00
2014.10.07 17:06:01.072,1.61524,1.61556,1.00,1.00
2014.10.07 17:06:01.223,1.61527,1.6156,1.00,1.00
2014.10.07 17:06:01.316,1.61532,1.61562,1.00,1.00
2014.10.07 17:06:01.518,1.6153,1.61566,1.00,1.50
2014.10.07 17:06:01.619,1.6153,1.61556,1.00,1.00
2014.10.07 17:06:01.720,1.61524,1.61557,1.00,1.00
2014.10.07 17:06:02.073,1.61527,1.61557,1.00,1.00
2014.10.07 17:06:02.376,1.61531,1.61556,1.00,1.00
2014.10.07 17:06:02.426,1.61531,1.61563,1.00,1.00
2014.10.07 17:06:02.527,1.61531,1.61556,1.00,1.00
2014.10.07 17:06:02.578,1.61526,1.61556,1.00,1.00
2014.10.07 17:06:03.031,1.61531,1.61556,1.00,1.00
2014.10.07 17:06:03.303,1.61531,1.61559,1.00,1.00
2014.10.07 17:06:03.455,1.61529,1.61559,1.00,1.00
2014.10.07 17:06:03.711,1.61529,1.61556,1.00,1.00
2014.10.07 17:06:04.013,1.61531,1.61556,1.00,1.00
2014.10.07 17:06:04.366,1.6153,1.61562,1.00,1.00
2014.10.07 17:06:04.467,1.61528,1.61556,1.00,1.00
2014.10.07 17:06:04.669,1.61524,1.61556,1.00,1.00
2014.10.07 17:06:05.261,1.61523,1.61555,1.00,1.00
2014.10.07 17:06:05.312,1.61523,1.61557,1.50,1.00
2014.10.07 17:06:05.362,1.61526,1.61556,1.00,1.00
2014.10.07 17:06:05.545,1.61524,1.61556,1.00,1.00
2014.10.07 17:06:05.806,1.61524,1.61553,1.00,1.00
2014.10.07 17:06:06.728,1.61524,1.61556,1.00,1.50
2014.10.07 17:06:07.090,1.61527,1.61556,1.00,1.50
2014.10.07 17:06:10.176,1.61525,1.61554,1.00,1.00
2014.10.07 17:06:10.327,1.61525,1.61551,1.00,1.00
2014.10.07 17:06:10.937,1.61524,1.61551,1.00,1.00
2014.10.07 17:06:12.152,1.61524,1.61555,1.50,1.00
2014.10.07 17:06:12.303,1.61525,1.61558,1.50,1.00
2014.10.07 17:06:12.486,1.61528,1.61561,1.00,1.00
2014.10.07 17:06:12.989,1.61529,1.61561,1.00,1.00
2014.10.07 17:06:13.044,1.61529,1.61563,1.50,1.00
2014.10.07 17:06:13.145,1.61533,1.61563,1.00,1.00
2014.10.07 17:06:18.667,1.61533,1.61559,1.00,1.00
2014.10.07 17:06:18.970,1.61527,1.6156,1.00,1.00
2014.10.07 17:06:19.020,1.61527,1.61556,1.00,1.00
2014.10.07 17:06:19.121,1.61527,1.6156,1.00,1.00
2014.10.07 17:06:19.222,1.61527,1.61558,1.00,1.00
2014.10.07 17:06:22.371,1.61527,1.61555,1.00,1.00
2014.10.07 17:06:22.623,1.61525,1.61555,1.00,1.00
2014.10.07 17:06:24.120,1.61529,1.6156,1.00,1.00
2014.10.07 17:06:24.372,1.61532,1.6156,1.00,1.00
2014.10.07 17:06:24.674,1.61532,1.61558,1.00,1.00
2014.10.07 17:06:24.725,1.61528,1.61555,1.00,1.00
2014.10.07 17:06:24.826,1.61522,1.6155,1.00,1.00
2014.10.07 17:06:25.028,1.61518,1.61547,1.00,1.00
2014.10.07 17:06:25.251,1.61516,1.61547,1.50,1.50
2014.10.07 17:06:25.828,1.61513,1.61546,1.00,1.00
2014.10.07 17:06:28.127,1.61515,1.61546,1.00,1.00
2014.10.07 17:06:28.450,1.61518,1.61546,1.00,1.00
2014.10.07 17:06:28.752,1.61523,1.61537,1.00,1.00
2014.10.07 17:06:28.803,1.61507,1.61537,1.00,1.00
2014.10.07 17:06:28.853,1.61507,1.61535,1.00,1.00
2014.10.07 17:06:29.005,1.61504,1.61535,1.00,1.00
2014.10.07 17:06:29.055,1.61503,1.61533,1.00,1.00
2014.10.07 17:06:29.674,1.61502,1.61533,1.00,1.00
2014.10.07 17:06:30.832,1.61509,1.61537,1.00,1.00
2014.10.07 17:06:31.135,1.61511,1.61536,1.00,1.00
2014.10.07 17:06:31.434,1.61511,1.61542,1.00,1.00
2014.10.07 17:06:32.252,1.61516,1.61546,1.00,1.00
2014.10.07 17:06:32.774,1.61516,1.61547,1.50,1.00
2014.10.07 17:06:33.082,1.61516,1.61543,1.00,1.00
2014.10.07 17:06:33.183,1.61512,1.61543,1.50,1.00
2014.10.07 17:06:35.946,1.6151,1.61541,1.50,1.00
2014.10.07 17:06:36.047,1.61507,1.6154,1.50,1.00
2014.10.07 17:06:36.098,1.61507,1.61537,1.50,1.00
2014.10.07 17:06:36.604,1.61507,1.61536,1.00,1.00
2014.10.07 17:06:36.836,1.61512,1.61543,1.00,1.00
2014.10.07 17:06:46.667,1.61513,1.61546,1.00,1.50
2014.10.07 17:06:46.718,1.61515,1.61546,1.00,1.50
2014.10.07 17:06:47.043,1.61513,1.61546,1.00,1.50
2014.10.07 17:06:47.277,1.61512,1.61543,1.00,1.00
2014.10.07 17:06:51.015,1.61515,1.61546,1.00,1.50
2014.10.07 17:06:51.319,1.6152,1.61553,1.00,1.00
2014.10.07 17:06:51.754,1.61522,1.61553,1.00,1.00
2014.10.07 17:06:52.115,1.6152,1.61553,1.00,1.00
2014.10.07 17:06:52.553,1.61523,1.61554,1.00,1.00
2014.10.07 17:06:54.825,1.61524,1.61554,1.00,1.00
2014.10.07 17:06:55.376,1.61523,1.61554,1.00,1.00
2014.10.07 17:06:56.374,1.61524,1.61554,1.00,1.00
2014.10.07 17:06:56.425,1.61526,1.61557,1.00,1.50
2014.10.07 17:06:57.041,1.61527,1.61557,1.00,1.00
2014.10.07 17:06:57.212,1.61525,1.61557,1.00,1.00
2014.10.07 17:06:58.854,1.61525,1.61556,1.00,1.00
2014.10.07 17:06:59.257,1.61521,1.61552,1.00,1.00
2014.10.07 17:06:59.564,1.61516,1.61545,1.00,1.00
2014.10.07 17:06:59.816,1.61514,1.61545,1.00,1.00
2014.10.07 17:07:00.924,1.61512,1.61543,1.00,1.00
2014.10.07 17:07:03.445,1.61514,1.61545,1.00,1.00
2014.10.07 17:07:03.748,1.61518,1.61546,1.50,1.00
2014.10.07 17:07:04.183,1.6152,1.61546,1.00,1.00
2014.10.07 17:07:04.755,1.61518,1.61546,1.00,1.00
2014.10.07 17:07:05.320,1.61517,1.61547,1.00,1.00
2014.10.07 17:07:06.045,1.61519,1.61547,1.00,1.00
2014.10.07 17:07:06.550,1.6152,1.61546,1.00,1.00
2014.10.07 17:07:09.385,1.61518,1.61546,1.00,1.00
2014.10.07 17:07:09.486,1.61516,1.61546,1.00,1.50
2014.10.07 17:07:09.537,1.61516,1.61536,1.00,1.00
2014.10.07 17:07:09.638,1.61516,1.61544,1.00,1.00
2014.10.07 17:07:09.688,1.61516,1.61541,1.00,1.00
2014.10.07 17:07:09.789,1.61512,1.61541,1.00,1.00
2014.10.07 17:07:09.894,1.61512,1.61536,1.00,1.00
2014.10.07 17:07:09.945,1.61505,1.61536,1.00,1.00
2014.10.07 17:07:10.595,1.61504,1.61536,1.00,1.00
2014.10.07 17:07:12.342,1.61503,1.61536,1.00,1.50
2014.10.07 17:07:15.292,1.61501,1.61534,1.00,1.00
2014.10.07 17:07:16.094,1.61503,1.61536,1.00,1.50
2014.10.07 17:07:19.276,1.61504,1.61536,1.00,1.50
2014.10.07 17:07:19.579,1.61502,1.61533,1.00,1.00
2014.10.07 17:07:19.886,1.61501,1.6153,1.00,1.00
2014.10.07 17:07:19.937,1.61501,1.61534,1.00,1.00
2014.10.07 17:07:20.038,1.61504,1.61535,1.00,1.00
2014.10.07 17:07:20.908,1.61506,1.61537,1.00,1.00
2014.10.07 17:07:21.428,1.6151,1.6154,1.00,1.50
2014.10.07 17:07:21.680,1.61511,1.61544,1.00,1.00
2014.10.07 17:07:21.731,1.61509,1.61541,1.00,1.00
2014.10.07 17:07:22.049,1.61507,1.61538,1.00,1.00
2014.10.07 17:07:24.554,1.61513,1.61538,2.10,1.00
2014.10.07 17:07:24.655,1.61514,1.61543,2.10,1.00
2014.10.07 17:07:24.756,1.61515,1.61551,2.85,1.00
2014.10.07 17:07:24.807,1.61515,1.61551,2.25,1.00
2014.10.07 17:07:24.857,1.61519,1.61552,1.00,1.00
2014.10.07 17:07:25.207,1.61511,1.61542,1.00,1.00
2014.10.07 17:07:25.510,1.6151,1.6154,1.00,1.00
2014.10.07 17:07:25.661,1.61503,1.61536,1.00,1.00
2014.10.07 17:07:36.319,1.61504,1.61536,1.00,1.50
2014.10.07 17:07:36.470,1.61504,1.61539,1.00,1.00
2014.10.07 17:07:36.572,1.61507,1.61541,1.00,1.00
2014.10.07 17:07:36.874,1.61515,1.61544,1.00,1.00
2014.10.07 17:07:36.975,1.61519,1.61552,1.00,1.00
2014.10.07 17:07:38.662,1.61519,1.61547,1.00,1.00
2014.10.07 17:07:38.763,1.61517,1.61547,1.00,1.00
2014.10.07 17:07:38.876,1.61517,1.61552,1.00,1.00
2014.10.07 17:07:39.082,1.61518,1.61554,1.00,1.00
2014.10.07 17:07:39.234,1.61522,1.61556,1.00,1.50
2014.10.07 17:07:39.537,1.61525,1.61558,1.50,1.00
2014.10.07 17:07:39.587,1.61525,1.61562,1.50,1.00
2014.10.07 17:07:39.638,1.61525,1.61559,1.00,1.00
2014.10.07 17:07:39.940,1.61508,1.61538,1.00,1.00
2014.10.07 17:07:40.192,1.61495,1.61527,1.00,1.00
2014.10.07 17:07:40.243,1.61495,1.61529,1.00,1.00
2014.10.07 17:07:44.154,1.61491,1.61527,1.50,1.00
2014.10.07 17:07:44.637,1.61496,1.61527,1.00,1.00
2014.10.07 17:07:44.939,1.61493,1.61526,1.00,1.00
2014.10.07 17:07:45.375,1.61496,1.61527,1.00,1.00
2014.10.07 17:07:48.552,1.61494,1.61525,1.00,1.00
2014.10.07 17:07:49.041,1.61491,1.61522,1.00,1.00
2014.10.07 17:07:50.164,1.61493,1.61524,1.00,1.00
2014.10.07 17:07:55.591,1.61487,1.6152,1.50,1.00
2014.10.07 17:07:55.642,1.61487,1.61516,1.50,1.00
2014.10.07 17:07:55.843,1.61487,1.6152,1.00,1.00
2014.10.07 17:07:57.094,1.61488,1.6152,1.00,1.00
2014.10.07 17:07:59.074,1.61485,1.61518,1.00,1.00
2014.10.07 17:07:59.276,1.61482,1.61515,1.00,1.00
2014.10.07 17:07:59.911,1.61482,1.61514,1.00,1.00
2014.10.07 17:08:07.125,1.61479,1.61512,1.00,1.00
2014.10.07 17:08:07.428,1.61481,1.61514,1.00,1.50
2014.10.07 17:08:07.730,1.61485,1.61516,1.00,2.25
2014.10.07 17:08:08.234,1.61484,1.61515,1.00,1.00
2014.10.07 17:08:10.954,1.61481,1.61514,1.00,1.00
2014.10.07 17:08:11.055,1.6148,1.61511,1.00,1.00
2014.10.07 17:08:11.307,1.61487,1.6152,1.00,1.50
2014.10.07 17:08:11.459,1.61485,1.61516,1.00,1.00
2014.10.07 17:08:11.761,1.61482,1.61513,1.00,1.00
2014.10.07 17:08:12.088,1.6148,1.61511,1.00,1.00
2014.10.07 17:08:20.583,1.61479,1.6151,1.00,1.00
2014.10.07 17:08:20.684,1.61481,1.61514,1.00,1.00
2014.10.07 17:08:20.791,1.61479,1.61514,1.00,1.00
2014.10.07 17:08:20.943,1.61479,1.61506,1.00,1.00
2014.10.07 17:08:21.344,1.61479,1.61514,1.00,1.00
2014.10.07 17:08:21.395,1.61481,1.61514,1.00,1.00
2014.10.07 17:08:21.698,1.61488,1.61516,1.00,1.00
2014.10.07 17:08:21.883,1.61488,1.61519,1.00,1.00
2014.10.07 17:08:22.396,1.61485,1.61518,1.00,1.00
2014.10.07 17:08:23.773,1.61484,1.61514,1.00,1.00
2014.10.07 17:08:24.076,1.61481,1.61512,1.00,1.00
2014.10.07 17:08:26.070,1.61479,1.6151,1.00,1.00
2014.10.07 17:08:26.373,1.61479,1.61505,1.00,1.00
2014.10.07 17:08:26.575,1.61474,1.61505,1.00,1.00
2014.10.07 17:08:27.200,1.61476,1.61506,1.00,1.00
2014.10.07 17:08:27.624,1.61478,1.61506,1.00,1.00
2014.10.07 17:08:30.124,1.61475,1.61506,1.00,1.50
2014.10.07 17:08:30.415,1.61473,1.61504,1.00,1.00
2014.10.07 17:08:32.801,1.61472,1.61506,1.00,1.00
2014.10.07 17:08:32.902,1.61475,1.61506,1.00,1.50
2014.10.07 17:08:33.452,1.61476,1.61506,1.00,1.00
2014.10.07 17:08:33.805,1.61476,1.61509,1.00,1.00
2014.10.07 17:08:36.214,1.61479,1.61511,1.00,1.00
2014.10.07 17:08:36.466,1.61477,1.6151,1.00,1.50
2014.10.07 17:08:36.517,1.61482,1.61514,1.00,1.00
2014.10.07 17:08:36.890,1.61481,1.61512,1.00,1.00
2014.10.07 17:08:37.522,1.61481,1.61507,1.00,1.00
2014.10.07 17:08:38.033,1.61481,1.61506,1.00,1.00
2014.10.07 17:08:39.174,1.61479,1.61506,1.00,1.00
2014.10.07 17:08:39.375,1.61476,1.61507,1.00,1.50
2014.10.07 17:08:39.890,1.61476,1.61506,1.00,1.00
2014.10.07 17:08:40.164,1.61479,1.6151,1.00,1.00
2014.10.07 17:08:40.365,1.61483,1.61514,1.00,1.00
2014.10.07 17:08:43.897,1.61481,1.61511,1.00,1.00
2014.10.07 17:08:43.998,1.61478,1.6151,1.00,1.00
2014.10.07 17:08:44.678,1.61477,1.6151,1.50,1.00
2014.10.07 17:08:45.455,1.61481,1.61512,1.00,1.00
2014.10.07 17:08:45.657,1.61485,1.61517,1.00,1.00
2014.10.07 17:08:45.808,1.61484,1.61506,1.00,1.00
2014.10.07 17:08:46.010,1.61485,1.61516,1.00,1.00
2014.10.07 17:08:46.111,1.61485,1.61518,1.00,1.00
2014.10.07 17:08:46.382,1.61487,1.6152,1.00,1.00
2014.10.07 17:08:46.687,1.6149,1.61521,1.00,1.00
2014.10.07 17:08:51.029,1.61483,1.61514,1.00,1.00
2014.10.07 17:08:51.332,1.61482,1.61511,1.00,1.00
2014.10.07 17:08:51.382,1.6148,1.61511,1.00,1.00
2014.10.07 17:08:57.339,1.6148,1.61507,1.00,1.00
2014.10.07 17:08:57.501,1.61478,1.61506,1.00,1.00
2014.10.07 17:08:59.514,1.61476,1.61506,1.00,1.00
2014.10.07 17:09:00.049,1.61477,1.61504,1.00,1.00
2014.10.07 17:09:00.362,1.61473,1.61504,1.00,1.00
2014.10.07 17:09:05.226,1.6147,1.61503,1.00,1.00
2014.10.07 17:09:05.377,1.6147,1.615,1.00,1.00
2014.10.07 17:09:05.901,1.61469,1.615,1.00,1.00
2014.10.07 17:09:06.984,1.61468,1.61498,1.00,1.00
2014.10.07 17:09:08.394,1.61466,1.61498,1.60,1.00
2014.10.07 17:09:10.950,1.61466,1.61496,1.60,1.00
2014.10.07 17:09:11.273,1.61465,1.61498,1.60,1.00
2014.10.07 17:09:22.910,1.61471,1.61501,1.00,1.00
2014.10.07 17:09:23.912,1.6147,1.61501,1.00,1.00
2014.10.07 17:09:24.494,1.61471,1.61504,1.00,1.00
2014.10.07 17:09:25.297,1.61474,1.61505,1.00,1.00
2014.10.07 17:09:25.800,1.61469,1.615,1.50,1.00
2014.10.07 17:09:26.152,1.61469,1.61497,1.00,1.00
2014.10.07 17:09:28.423,1.61467,1.61497,1.00,1.00
2014.10.07 17:09:28.624,1.61464,1.61496,1.00,1.00
2014.10.07 17:09:29.050,1.61463,1.61492,1.00,1.00
2014.10.07 17:09:29.101,1.6146,1.61492,1.00,1.00
2014.10.07 17:09:29.152,1.61464,1.61495,1.00,1.00
2014.10.07 17:09:29.252,1.6146,1.61496,1.50,1.50
2014.10.07 17:09:29.615,1.61463,1.61496,1.00,1.50
2014.10.07 17:09:34.740,1.61466,1.61496,1.00,1.00
2014.10.07 17:09:35.042,1.61468,1.61496,1.00,1.00
2014.10.07 17:09:35.194,1.61468,1.61501,1.00,1.00
2014.10.07 17:09:35.456,1.61465,1.61498,1.50,1.00
2014.10.07 17:09:35.790,1.61467,1.615,1.00,1.00
2014.10.07 17:09:36.175,1.61466,1.61497,1.50,1.00
2014.10.07 17:09:36.477,1.61468,1.61499,1.00,1.00
2014.10.07 17:09:40.856,1.6147,1.61501,1.00,1.00
2014.10.07 17:09:42.787,1.6147,1.61503,1.00,1.00
2014.10.07 17:09:42.888,1.61472,1.61503,1.00,1.50
2014.10.07 17:09:43.201,1.61477,1.6151,1.00,1.00
2014.10.07 17:09:43.504,1.61475,1.61506,1.00,1.00
2014.10.07 17:09:46.767,1.61472,1.61503,1.00,1.00
2014.10.07 17:09:46.918,1.61474,1.61506,1.00,1.00
2014.10.07 17:09:47.249,1.61472,1.61503,1.00,1.00
2014.10.07 17:09:47.591,1.61474,1.61505,1.00,1.00
2014.10.07 17:09:53.333,1.61472,1.61503,1.00,1.00
2014.10.07 17:09:53.796,1.61474,1.61506,1.00,1.00
2014.10.07 17:09:56.988,1.61474,1.61507,1.00,1.00
2014.10.07 17:09:57.552,1.61472,1.61505,1.00,1.00
2014.10.07 17:09:57.881,1.61474,1.61507,1.00,1.50
2014.10.07 17:10:02.623,1.61473,1.61504,1.00,1.00
2014.10.07 17:10:03.903,1.61473,1.61499,1.00,1.00
2014.10.07 17:10:03.953,1.6147,1.61502,1.00,1.00
2014.10.07 17:10:04.343,1.61469,1.61497,1.00,1.00
2014.10.07 17:10:04.443,1.61467,1.61497,1.00,1.00
2014.10.07 17:10:04.656,1.61469,1.61496,1.00,1.00
2014.10.07 17:10:04.763,1.61467,1.61496,1.00,1.00
2014.10.07 17:10:05.402,1.61467,1.61497,1.00,1.00
2014.10.07 17:10:05.453,1.61465,1.61497,1.00,1.00
2014.10.07 17:10:08.445,1.61464,1.61495,1.00,1.00
2014.10.07 17:10:08.747,1.61461,1.61492,1.00,1.00
2014.10.07 17:10:09.946,1.61457,1.6149,1.50,1.00
2014.10.07 17:10:10.047,1.61461,1.61492,1.00,1.00
2014.10.07 17:10:14.169,1.61457,1.6149,1.50,1.00
2014.10.07 17:10:19.382,1.61457,1.61486,1.00,1.00
2014.10.07 17:10:21.813,1.61457,1.61487,1.00,1.00
2014.10.07 17:10:24.081,1.61456,1.61487,1.00,1.50
2014.10.07 17:10:24.631,1.61456,1.61486,1.00,1.00
2014.10.07 17:10:25.136,1.61456,1.61487,1.00,1.50
2014.10.07 17:10:26.126,1.61456,1.61486,1.00,1.00
2014.10.07 17:10:26.428,1.61451,1.61476,1.50,1.00
2014.10.07 17:10:26.731,1.61451,1.61467,1.00,1.00
2014.10.07 17:10:27.184,1.61451,1.6147,1.00,1.00
2014.10.07 17:10:27.235,1.61448,1.6147,1.00,1.00
2014.10.07 17:10:27.397,1.61438,1.6147,1.00,1.00
2014.10.07 17:10:27.893,1.61442,1.6147,1.00,1.00
2014.10.07 17:10:27.944,1.61442,1.61472,1.00,1.00
2014.10.07 17:10:28.146,1.61442,1.61474,1.00,1.00
2014.10.07 17:10:29.824,1.61442,1.61475,1.00,1.50
2014.10.07 17:10:30.700,1.61444,1.61475,1.00,1.00
2014.10.07 17:10:30.801,1.61444,1.61477,1.00,1.50
2014.10.07 17:10:31.049,1.61447,1.61477,1.00,1.00
2014.10.07 17:10:35.449,1.61445,1.61477,1.00,1.00
2014.10.07 17:10:36.002,1.61444,1.61477,1.00,1.00
2014.10.07 17:10:36.112,1.61443,1.61474,1.50,1.00
2014.10.07 17:10:39.522,1.6144,1.6147,1.00,1.00
2014.10.07 17:10:39.724,1.6144,1.61472,1.00,1.00
2014.10.07 17:10:41.035,1.61439,1.61472,1.50,1.00
2014.10.07 17:10:42.256,1.61447,1.61476,1.00,1.00
2014.10.07 17:10:42.307,1.61447,1.61479,1.00,1.00
2014.10.07 17:10:42.458,1.6145,1.61481,1.00,1.00
2014.10.07 17:10:42.660,1.61447,1.61479,1.00,1.00
2014.10.07 17:10:42.862,1.61443,1.61475,1.00,1.00
2014.10.07 17:10:43.164,1.61446,1.61477,1.00,1.00
2014.10.07 17:10:43.439,1.61441,1.61474,1.50,1.00
2014.10.07 17:10:43.974,1.61442,1.61475,1.00,1.00
2014.10.07 17:10:44.422,1.61444,1.61475,1.00,1.00
2014.10.07 17:10:44.724,1.61441,1.61471,1.00,1.00
2014.10.07 17:10:45.228,1.61441,1.61472,1.50,1.00
2014.10.07 17:10:49.482,1.61441,1.6147,1.00,1.00
2014.10.07 17:10:49.785,1.61437,1.61462,1.00,1.00
2014.10.07 17:10:49.936,1.61433,1.61462,1.00,1.00
2014.10.07 17:11:03.788,1.61433,1.61464,1.50,1.00
2014.10.07 17:11:04.418,1.61434,1.61464,1.00,1.00
2014.10.07 17:11:04.520,1.61437,1.6147,1.00,1.00
2014.10.07 17:11:04.621,1.6144,1.61471,1.00,1.00
2014.10.07 17:11:05.151,1.61441,1.61471,1.00,1.00
2014.10.07 17:11:07.191,1.61443,1.61471,1.00,1.00
2014.10.07 17:11:08.401,1.61443,1.61474,1.00,1.00
2014.10.07 17:11:08.552,1.61444,1.61477,1.00,1.00
2014.10.07 17:11:08.603,1.61444,1.61475,1.00,1.00
2014.10.07 17:11:08.939,1.61437,1.61468,1.00,1.00
2014.10.07 17:11:09.452,1.61437,1.61467,1.00,1.00
2014.10.07 17:11:09.977,1.61437,1.61468,1.00,1.00
2014.10.07 17:11:12.852,1.6144,1.61471,1.00,1.00
2014.10.07 17:11:13.543,1.61442,1.61473,1.00,1.00
2014.10.07 17:11:14.326,1.61445,1.61476,1.00,1.00
2014.10.07 17:11:15.282,1.61446,1.61479,1.50,1.00
2014.10.07 17:11:15.461,1.61445,1.61477,1.00,1.00
2014.10.07 17:11:16.545,1.61444,1.61477,1.00,1.00
2014.10.07 17:11:16.889,1.61442,1.61473,1.00,1.00
2014.10.07 17:11:17.248,1.61444,1.61477,1.00,1.00
2014.10.07 17:11:17.758,1.61445,1.61476,1.00,1.00
2014.10.07 17:11:18.261,1.61446,1.61476,1.00,1.00
2014.10.07 17:11:18.541,1.61447,1.61478,1.00,1.00
2014.10.07 17:11:19.140,1.61447,1.61477,1.00,1.00
2014.10.07 17:11:19.833,1.61447,1.61478,1.00,1.00
2014.10.07 17:11:19.884,1.61449,1.6148,1.00,1.00
2014.10.07 17:11:20.232,1.61447,1.61476,1.00,1.00
2014.10.07 17:11:20.563,1.61447,1.61479,1.00,1.00
2014.10.07 17:11:20.672,1.61447,1.61476,1.00,1.00
2014.10.07 17:11:21.282,1.61448,1.61476,1.00,1.00
2014.10.07 17:11:21.333,1.61448,1.61481,1.00,1.00
2014.10.07 17:11:22.785,1.61446,1.61476,1.00,1.00
2014.10.07 17:11:22.886,1.61444,1.61476,1.00,1.50
2014.10.07 17:11:23.470,1.61443,1.61476,1.00,1.00
2014.10.07 17:11:23.804,1.61442,1.61473,1.00,1.00
2014.10.07 17:11:23.905,1.6144,1.61472,1.00,1.00
2014.10.07 17:11:24.174,1.61438,1.61469,1.00,1.00
2014.10.07 17:11:24.571,1.61436,1.61469,1.00,1.00
2014.10.07 17:11:27.722,1.61439,1.61472,1.00,1.00
2014.10.07 17:11:27.823,1.6144,1.61475,1.00,1.00
2014.10.07 17:11:28.372,1.61441,1.61475,1.00,1.00
2014.10.07 17:11:28.524,1.61443,1.61475,1.00,1.00
2014.10.07 17:11:28.927,1.61443,1.6147,1.00,1.00
2014.10.07 17:11:28.978,1.61439,1.6147,1.50,1.00
2014.10.07 17:11:29.078,1.61441,1.61474,1.00,1.00
2014.10.07 17:11:29.129,1.61439,1.61473,1.50,1.00
2014.10.07 17:11:29.230,1.61435,1.61466,1.00,1.00
2014.10.07 17:11:29.538,1.61437,1.61468,1.00,1.00
2014.10.07 17:11:30.229,1.6144,1.61471,1.00,1.00
2014.10.07 17:11:33.214,1.61438,1.61468,1.00,1.00
2014.10.07 17:11:33.777,1.61437,1.61468,1.00,1.00
2014.10.07 17:11:39.832,1.61434,1.61461,1.00,1.00
2014.10.07 17:11:39.983,1.6143,1.61461,1.00,1.00
2014.10.07 17:11:40.414,1.61428,1.61461,1.00,1.00
2014.10.07 17:11:40.932,1.61432,1.61463,1.00,1.00
2014.10.07 17:11:47.471,1.61428,1.61461,1.50,1.00
2014.10.07 17:11:48.389,1.61431,1.61462,1.00,1.00
2014.10.07 17:11:54.104,1.61431,1.6146,1.00,1.00
2014.10.07 17:11:54.510,1.61429,1.61459,1.00,1.00
2014.10.07 17:11:54.740,1.61426,1.61459,1.00,1.00
2014.10.07 17:11:55.503,1.61429,1.6146,1.00,1.00
2014.10.07 17:11:55.604,1.6143,1.61463,1.00,1.00
2014.10.07 17:11:57.822,1.61428,1.61458,1.00,1.00
2014.10.07 17:11:58.225,1.61428,1.61461,1.00,1.00
2014.10.07 17:11:58.532,1.61427,1.61458,1.50,1.00
2014.10.07 17:11:58.985,1.61428,1.61461,1.00,1.00
2014.10.07 17:11:59.821,1.61431,1.61462,1.00,1.00
2014.10.07 17:12:00.123,1.61434,1.61462,1.00,1.00
2014.10.07 17:12:02.122,1.61434,1.61465,1.50,1.00
2014.10.07 17:12:12.658,1.61435,1.61468,1.00,1.00
2014.10.07 17:12:15.360,1.61433,1.61465,1.00,1.00
2014.10.07 17:12:15.679,1.61436,1.61467,1.00,1.00
2014.10.07 17:12:15.997,1.61438,1.61469,1.00,1.00
2014.10.07 17:12:17.570,1.6144,1.61471,1.00,1.00
2014.10.07 17:12:18.332,1.61444,1.61477,1.00,1.00
2014.10.07 17:12:18.445,1.61446,1.61479,1.00,1.00
2014.10.07 17:12:18.747,1.61449,1.6148,1.00,1.00
2014.10.07 17:12:19.357,1.61446,1.61479,1.00,1.00
2014.10.07 17:12:19.665,1.61445,1.61476,1.50,1.00
2014.10.07 17:12:23.564,1.61442,1.61474,1.00,1.00
2014.10.07 17:12:24.146,1.61441,1.61474,1.50,1.00
2014.10.07 17:12:24.197,1.61443,1.61474,1.00,1.00
2014.10.07 17:12:25.010,1.61441,1.61474,1.50,1.00
2014.10.07 17:12:25.162,1.61441,1.61471,1.00,1.00
2014.10.07 17:12:25.867,1.6144,1.61471,1.00,1.00
2014.10.07 17:12:25.954,1.6144,1.61473,1.00,1.00
2014.10.07 17:12:29.695,1.61439,1.6147,1.00,1.00
2014.10.07 17:12:32.899,1.61441,1.61469,1.00,1.00
2014.10.07 17:12:33.001,1.61441,1.61472,1.50,1.00
2014.10.07 17:12:33.103,1.6144,1.61469,1.00,1.00
2014.10.07 17:12:33.153,1.61438,1.61469,1.00,1.00
2014.10.07 17:12:33.204,1.61441,1.61472,1.00,1.50
2014.10.07 17:12:33.343,1.61445,1.61477,1.00,1.50
2014.10.07 17:12:33.394,1.61448,1.61477,1.00,1.00
2014.10.07 17:12:33.646,1.61452,1.61483,1.00,1.00
2014.10.07 17:12:34.003,1.61447,1.61478,2.25,1.00
2014.10.07 17:12:34.305,1.6145,1.6148,1.00,1.00
2014.10.07 17:12:34.524,1.61456,1.61489,1.00,1.50
2014.10.07 17:12:34.625,1.61458,1.61491,1.00,1.00
2014.10.07 17:12:34.927,1.61462,1.61492,1.00,1.00
2014.10.07 17:12:35.028,1.61464,1.61495,1.00,1.00
2014.10.07 17:12:35.129,1.61461,1.61494,1.50,1.00
2014.10.07 17:12:35.440,1.61466,1.61497,1.00,1.00
2014.10.07 17:12:35.642,1.61468,1.61501,1.50,1.00
2014.10.07 17:12:35.743,1.61468,1.61498,1.00,1.00
2014.10.07 17:12:35.844,1.61471,1.61503,1.00,1.00
2014.10.07 17:12:35.944,1.61471,1.61499,1.00,1.00
2014.10.07 17:12:36.164,1.61468,1.61499,1.00,1.00
2014.10.07 17:12:36.265,1.61465,1.61498,1.00,1.00
2014.10.07 17:12:36.534,1.61464,1.61496,1.00,1.00
2014.10.07 17:12:36.786,1.61459,1.61492,1.00,1.00
2014.10.07 17:12:37.088,1.61458,1.61488,1.00,1.00
2014.10.07 17:12:37.260,1.61458,1.61491,1.00,1.00
2014.10.07 17:12:38.210,1.61464,1.61495,1.00,1.00
2014.10.07 17:12:38.513,1.61462,1.61493,1.00,1.00
2014.10.07 17:12:41.990,1.61462,1.61492,1.00,1.00
2014.10.07 17:12:42.663,1.61462,1.61493,1.00,1.00
2014.10.07 17:12:48.320,1.61464,1.61494,1.00,1.00
2014.10.07 17:12:48.383,1.61457,1.61492,1.00,1.00
2014.10.07 17:12:48.484,1.61462,1.61493,1.00,1.00
2014.10.07 17:12:48.694,1.61459,1.61492,1.00,1.50
2014.10.07 17:12:50.383,1.61459,1.61487,1.00,1.00
2014.10.07 17:12:50.691,1.61459,1.61492,1.00,1.00
2014.10.07 17:12:51.518,1.61459,1.6149,1.00,1.00
2014.10.07 17:12:51.769,1.61459,1.61492,1.00,1.00
2014.10.07 17:12:51.820,1.61462,1.61493,1.00,1.00
2014.10.07 17:12:52.110,1.61458,1.6149,1.00,1.00
2014.10.07 17:12:52.211,1.6146,1.61493,1.00,1.00
2014.10.07 17:12:52.513,1.61455,1.61486,2.25,1.00
2014.10.07 17:12:52.838,1.61459,1.61487,1.00,1.00
2014.10.07 17:12:53.514,1.61459,1.61486,1.50,1.00
2014.10.07 17:12:56.854,1.61459,1.61487,1.00,1.00
2014.10.07 17:12:57.400,1.61459,1.61486,1.00,1.00
2014.10.07 17:12:58.610,1.61459,1.61487,1.00,1.00
2014.10.07 17:12:59.209,1.61459,1.61486,1.00,1.00
2014.10.07 17:12:59.966,1.61459,1.61487,1.00,1.00
2014.10.07 17:13:01.759,1.61459,1.61486,1.00,1.00
2014.10.07 17:13:01.860,1.61455,1.61486,1.00,1.00
2014.10.07 17:13:02.349,1.61455,1.61477,1.00,1.00
2014.10.07 17:13:03.182,1.61454,1.61477,1.00,1.00
2014.10.07 17:13:03.333,1.61451,1.61477,1.00,1.00
2014.10.07 17:13:03.586,1.61449,1.61482,1.00,1.00
2014.10.07 17:13:03.687,1.61452,1.61483,1.00,1.00
2014.10.07 17:13:03.989,1.61455,1.61483,1.00,1.00
2014.10.07 17:13:04.299,1.61452,1.61476,1.50,1.00
2014.10.07 17:13:05.170,1.61447,1.61476,1.00,1.00
2014.10.07 17:13:05.371,1.6145,1.61476,1.00,1.00
2014.10.07 17:13:05.472,1.6145,1.61481,1.00,1.00
2014.10.07 17:13:05.935,1.61453,1.61481,1.00,1.00
2014.10.07 17:13:06.908,1.61453,1.61476,1.00,1.00
2014.10.07 17:13:07.708,1.61449,1.61476,1.00,1.00
2014.10.07 17:13:07.860,1.61449,1.61467,1.00,1.00
2014.10.07 17:13:08.061,1.61446,1.61467,1.00,1.00
2014.10.07 17:13:08.213,1.61447,1.6148,1.00,1.00
2014.10.07 17:13:08.314,1.6145,1.61483,1.00,1.00
2014.10.07 17:13:08.665,1.61452,1.61485,1.50,1.00
2014.10.07 17:13:08.967,1.61454,1.61486,1.00,1.00
2014.10.07 17:13:10.116,1.6145,1.61482,1.50,1.00
2014.10.07 17:13:10.418,1.61452,1.61484,1.00,1.00
2014.10.07 17:13:12.876,1.6145,1.61481,1.50,1.00
2014.10.07 17:13:13.181,1.61452,1.61483,1.00,1.00
2014.10.07 17:13:14.425,1.61449,1.61482,1.00,1.00
2014.10.07 17:13:14.627,1.61452,1.61481,1.00,1.00
2014.10.07 17:13:15.128,1.61451,1.61481,1.00,1.00
2014.10.07 17:13:15.692,1.61466,1.61486,1.00,1.00
2014.10.07 17:13:15.945,1.61485,1.61506,1.00,1.00
2014.10.07 17:13:16.046,1.61479,1.61506,1.00,1.00
2014.10.07 17:13:16.097,1.61481,1.61506,1.00,1.00
2014.10.07 17:13:16.147,1.61481,1.61513,1.00,1.60
2014.10.07 17:13:16.248,1.61482,1.61513,1.00,1.00
2014.10.07 17:13:16.299,1.61484,1.61517,1.00,1.50
2014.10.07 17:13:16.400,1.61486,1.61517,1.00,1.00
2014.10.07 17:13:16.702,1.61483,1.61516,1.00,1.50
2014.10.07 17:13:16.803,1.61486,1.61516,1.00,1.00
2014.10.07 17:13:16.904,1.61486,1.61519,1.00,1.00
2014.10.07 17:13:17.598,1.61485,1.61516,1.00,1.00
2014.10.07 17:13:17.918,1.61488,1.61518,1.00,1.00
2014.10.07 17:13:18.040,1.61485,1.61516,1.00,1.00
2014.10.07 17:13:18.090,1.61485,1.61516,1.60,1.00
2014.10.07 17:13:18.141,1.61496,1.61527,1.00,1.50
2014.10.07 17:13:18.242,1.61494,1.61527,1.00,1.50
2014.10.07 17:13:18.343,1.61496,1.61526,1.00,1.00
2014.10.07 17:13:21.839,1.61494,1.61525,1.50,1.00
2014.10.07 17:13:21.941,1.61493,1.61522,1.00,1.00
2014.10.07 17:13:22.771,1.61491,1.61522,1.35,1.00
2014.10.07 17:13:23.217,1.6149,1.6152,1.60,1.00
2014.10.07 17:13:23.369,1.61492,1.61522,1.00,1.00
2014.10.07 17:13:23.470,1.6149,1.61519,1.00,1.00
2014.10.07 17:13:23.672,1.61481,1.61516,1.00,1.00
2014.10.07 17:13:24.206,1.61482,1.61517,1.00,1.50
2014.10.07 17:13:24.835,1.61482,1.61516,1.00,1.00
2014.10.07 17:13:25.643,1.61485,1.61516,1.00,1.00
2014.10.07 17:13:26.780,1.61486,1.61516,1.00,1.00
2014.10.07 17:13:26.831,1.61486,1.61521,1.00,1.00
2014.10.07 17:13:27.488,1.6149,1.61521,1.00,1.00
2014.10.07 17:13:27.589,1.61492,1.61526,1.00,1.00
2014.10.07 17:13:37.392,1.61497,1.61526,1.00,1.00
2014.10.07 17:13:37.902,1.61494,1.61526,1.00,1.00
2014.10.07 17:13:38.458,1.61494,1.61516,1.00,1.00
2014.10.07 17:13:42.970,1.61494,1.61517,1.00,1.00
2014.10.07 17:13:43.778,1.61494,1.61526,1.00,1.00
2014.10.07 17:13:44.050,1.61497,1.61526,1.00,1.00
2014.10.07 17:13:44.566,1.61497,1.61527,1.00,1.00
2014.10.07 17:13:45.185,1.61497,1.61526,1.00,1.00
2014.10.07 17:13:46.701,1.61497,1.61531,1.00,1.00
2014.10.07 17:13:47.164,1.61497,1.61527,1.00,1.00
2014.10.07 17:13:47.416,1.61497,1.61531,1.00,1.00
2014.10.07 17:13:49.111,1.61499,1.61532,1.00,1.50
2014.10.07 17:13:49.715,1.615,1.61532,1.00,1.00
2014.10.07 17:13:50.017,1.61507,1.61534,1.00,1.00
2014.10.07 17:13:50.118,1.61505,1.61534,1.00,1.00
2014.10.07 17:13:50.169,1.61511,1.61536,1.00,1.50
2014.10.07 17:13:50.370,1.61501,1.61534,1.00,1.00
2014.10.07 17:13:51.138,1.61503,1.61536,1.00,1.00
2014.10.07 17:14:00.953,1.61502,1.61533,1.00,1.00
2014.10.07 17:14:03.068,1.61503,1.61536,1.00,2.25
2014.10.07 17:14:03.588,1.61509,1.61536,1.00,1.00
2014.10.07 17:14:03.790,1.61511,1.61541,1.00,1.00
2014.10.07 17:14:04.309,1.61511,1.61537,1.00,1.00
2014.10.07 17:14:04.528,1.61511,1.61542,1.00,1.00
2014.10.07 17:14:06.620,1.61511,1.61537,1.00,1.00
2014.10.07 17:14:10.077,1.61511,1.61542,1.00,1.00
2014.10.07 17:14:10.831,1.61511,1.61537,1.00,1.00
2014.10.07 17:14:11.127,1.61511,1.61542,1.00,1.00
2014.10.07 17:14:11.348,1.61511,1.61537,1.00,1.00
2014.10.07 17:14:12.171,1.61509,1.61537,1.00,1.00
2014.10.07 17:14:12.272,1.61506,1.61536,1.00,1.00
2014.10.07 17:14:12.921,1.61506,1.61537,1.00,1.00
2014.10.07 17:14:13.452,1.61505,1.61536,1.00,1.50
2014.10.07 17:14:17.220,1.61506,1.61537,1.00,1.00
2014.10.07 17:14:22.128,1.61506,1.61539,1.00,1.00
2014.10.07 17:14:25.561,1.61506,1.61539,1.60,1.00
2014.10.07 17:14:25.872,1.6152,1.61546,1.00,1.00
2014.10.07 17:14:26.198,1.61522,1.61547,1.00,1.00
2014.10.07 17:14:27.116,1.61522,1.61546,1.00,1.00
2014.10.07 17:14:27.457,1.61527,1.61547,1.00,1.00
2014.10.07 17:14:27.558,1.61529,1.61556,1.00,1.00
2014.10.07 17:14:27.660,1.6152,1.61547,1.00,1.00
2014.10.07 17:14:27.760,1.61511,1.6154,1.00,1.00
2014.10.07 17:14:27.912,1.61509,1.6154,1.00,1.00
2014.10.07 17:14:28.118,1.61513,1.61545,1.00,1.00
2014.10.07 17:14:29.969,1.6151,1.61546,1.00,1.00
2014.10.07 17:14:30.070,1.61511,1.61542,1.00,1.00
2014.10.07 17:14:31.107,1.61511,1.61536,1.00,1.00
2014.10.07 17:14:45.578,1.61511,1.61542,1.00,1.00
2014.10.07 17:14:45.776,1.61511,1.61536,1.00,1.00
2014.10.07 17:14:48.086,1.61511,1.61537,1.00,1.00
2014.10.07 17:14:48.588,1.61508,1.61536,1.50,1.00
2014.10.07 17:14:50.065,1.61505,1.61536,1.50,1.00
2014.10.07 17:15:04.043,1.61505,1.61527,1.50,1.00
2014.10.07 17:15:05.951,1.61503,1.61527,1.50,1.00
2014.10.07 17:15:06.354,1.61501,1.61526,1.00,1.00
2014.10.07 17:15:06.911,1.61501,1.61527,1.00,1.00
2014.10.07 17:15:08.672,1.61501,1.61526,1.00,1.00
2014.10.07 17:15:09.185,1.61502,1.61526,1.00,1.00
2014.10.07 17:15:09.700,1.61503,1.61526,1.00,1.00
2014.10.07 17:15:11.301,1.61503,1.61527,1.00,1.00
2014.10.07 17:15:15.592,1.61503,1.61536,1.00,1.50
2014.10.07 17:15:20.674,1.61506,1.61537,1.00,1.50
2014.10.07 17:15:21.392,1.61519,1.61537,1.00,1.00
2014.10.07 17:15:21.443,1.61519,1.61545,1.00,1.00
2014.10.07 17:15:21.695,1.61513,1.61543,1.00,1.00
2014.10.07 17:15:21.796,1.61509,1.61539,1.00,1.00
2014.10.07 17:15:21.897,1.61511,1.61542,1.00,1.00
2014.10.07 17:15:22.066,1.61508,1.61541,1.00,1.00
2014.10.07 17:15:26.811,1.61508,1.61537,1.00,1.00
2014.10.07 17:15:27.151,1.61508,1.61541,1.00,1.00
2014.10.07 17:15:30.641,1.61508,1.61537,1.00,1.00
2014.10.07 17:15:31.124,1.61507,1.61535,1.00,1.00
2014.10.07 17:15:31.175,1.61504,1.61535,1.50,1.00
2014.10.07 17:15:35.115,1.61502,1.61533,1.00,1.00
2014.10.07 17:15:35.420,1.61502,1.61527,1.00,1.00
2014.10.07 17:15:35.823,1.61502,1.61533,1.00,1.00
2014.10.07 17:15:54.545,1.61503,1.61536,1.00,1.00
2014.10.07 17:15:54.893,1.61501,1.61526,1.50,1.00
2014.10.07 17:15:55.649,1.61501,1.61532,1.00,1.00
2014.10.07 17:15:57.260,1.61501,1.61527,1.00,1.00
2014.10.07 17:15:57.801,1.61501,1.61526,1.00,1.00
2014.10.07 17:15:59.789,1.61501,1.61532,1.00,1.00
2014.10.07 17:16:00.122,1.61501,1.61526,1.00,1.00
2014.10.07 17:16:01.881,1.61501,1.61527,1.00,1.00
2014.10.07 17:16:02.683,1.61501,1.61526,1.00,1.00
2014.10.07 17:16:09.675,1.61499,1.61526,1.00,1.00
2014.10.07 17:16:09.826,1.61494,1.61525,1.00,1.00
2014.10.07 17:16:23.448,1.61495,1.61526,1.00,1.00
2014.10.07 17:16:23.499,1.61495,1.61529,1.00,2.10
2014.10.07 17:16:24.028,1.61495,1.61529,1.00,1.00
2014.10.07 17:16:26.629,1.61498,1.61531,1.00,1.00
2014.10.07 17:16:27.641,1.61506,1.61532,1.00,1.00
2014.10.07 17:16:27.692,1.61506,1.61535,1.00,1.00
2014.10.07 17:16:27.742,1.61514,1.61537,1.00,1.00
2014.10.07 17:16:27.894,1.61514,1.61539,1.00,1.50
2014.10.07 17:16:27.945,1.61509,1.61539,1.00,1.50
2014.10.07 17:16:28.146,1.61507,1.61538,1.00,1.00
2014.10.07 17:16:32.451,1.61513,1.6154,1.00,1.00
2014.10.07 17:16:32.552,1.61516,1.61544,1.00,1.00
2014.10.07 17:16:32.993,1.61516,1.61546,1.00,1.00
2014.10.07 17:16:33.871,1.61516,1.61544,1.00,1.00
2014.10.07 17:16:33.972,1.6151,1.61541,1.00,1.00
2014.10.07 17:16:34.483,1.6151,1.6154,1.00,1.00
2014.10.07 17:16:36.159,1.6151,1.61541,1.00,1.00
2014.10.07 17:16:37.282,1.61512,1.61542,1.00,1.00
2014.10.07 17:16:37.889,1.61513,1.61543,1.00,1.00
2014.10.07 17:16:39.651,1.61513,1.61545,1.00,1.00
2014.10.07 17:16:40.153,1.61513,1.61546,1.00,1.50
2014.10.07 17:16:40.204,1.61511,1.61543,1.00,1.00
2014.10.07 17:16:40.789,1.61511,1.61544,1.00,1.00
2014.10.07 17:16:41.100,1.61515,1.61546,1.00,1.50
2014.10.07 17:16:42.260,1.61517,1.61546,1.00,1.00
2014.10.07 17:16:42.361,1.61517,1.61548,1.00,1.00
2014.10.07 17:16:45.161,1.61518,1.61548,1.00,1.00
2014.10.07 17:16:45.356,1.61518,1.61546,1.00,1.00
2014.10.07 17:16:46.340,1.61518,1.61548,1.00,1.00
2014.10.07 17:16:46.848,1.61517,1.61548,1.00,1.00
2014.10.07 17:16:48.470,1.61514,1.61547,1.50,1.00
2014.10.07 17:16:57.696,1.61514,1.61546,1.50,1.00
2014.10.07 17:16:58.239,1.61514,1.61547,1.50,1.00
2014.10.07 17:16:58.707,1.61514,1.61545,1.00,1.00
2014.10.07 17:16:58.808,1.61512,1.61545,1.50,1.00
2014.10.07 17:16:59.010,1.61515,1.61546,1.00,1.00
2014.10.07 17:17:05.551,1.61512,1.61543,1.50,1.00
2014.10.07 17:17:09.460,1.61513,1.61546,1.00,1.00
2014.10.07 17:17:09.561,1.61509,1.6154,1.50,1.00
2014.10.07 17:17:14.641,1.61506,1.61533,1.00,1.00
2014.10.07 17:17:14.977,1.61499,1.6153,1.00,1.00
2014.10.07 17:17:15.781,1.61499,1.61532,1.00,1.00
2014.10.07 17:17:16.589,1.61511,1.6154,1.00,1.50
2014.10.07 17:17:16.639,1.61508,1.6154,1.00,1.50
2014.10.07 17:17:16.839,1.61512,1.61545,1.00,1.50
2014.10.07 17:17:16.890,1.61507,1.6154,1.00,1.00
2014.10.07 17:17:17.224,1.61506,1.61537,1.50,1.00
2014.10.07 17:17:17.686,1.61507,1.6154,1.00,1.00
2014.10.07 17:17:17.844,1.61513,1.61545,1.00,1.00
2014.10.07 17:17:18.148,1.6151,1.61541,1.00,1.00
2014.10.07 17:17:18.468,1.61521,1.61548,1.00,1.00
2014.10.07 17:17:18.569,1.61521,1.61554,1.00,1.00
2014.10.07 17:17:18.670,1.61523,1.61556,1.00,2.25
2014.10.07 17:17:19.170,1.61522,1.61552,1.00,1.00
2014.10.07 17:17:23.996,1.61517,1.61549,1.00,1.00
2014.10.07 17:17:24.097,1.61514,1.61548,1.00,1.00
2014.10.07 17:17:24.198,1.61516,1.61546,1.00,1.00
2014.10.07 17:17:24.450,1.61516,1.61549,1.00,1.00
2014.10.07 17:17:24.500,1.61519,1.6155,1.00,1.50
2014.10.07 17:17:25.691,1.61521,1.61552,1.00,1.50
2014.10.07 17:17:26.812,1.61519,1.61549,1.00,1.00
2014.10.07 17:17:26.913,1.61515,1.61548,1.00,1.00
2014.10.07 17:17:27.131,1.61515,1.61546,1.00,1.00
2014.10.07 17:17:27.729,1.61515,1.61547,1.00,1.00
2014.10.07 17:17:28.207,1.61514,1.61545,1.00,1.00
2014.10.07 17:17:28.740,1.61512,1.61543,1.00,1.00
2014.10.07 17:17:28.941,1.61509,1.61542,1.50,1.00
2014.10.07 17:17:29.117,1.61509,1.61536,1.00,1.00
2014.10.07 17:17:29.375,1.61507,1.61537,1.00,1.00
2014.10.07 17:17:29.426,1.61504,1.61534,1.00,1.00
2014.10.07 17:17:29.629,1.61505,1.61536,1.00,1.00
2014.10.07 17:17:39.028,1.61507,1.61536,1.00,1.00
2014.10.07 17:17:40.929,1.61507,1.61535,1.00,1.00
2014.10.07 17:17:41.228,1.61505,1.61535,1.00,1.00
2014.10.07 17:17:42.931,1.61505,1.61532,1.00,1.00
2014.10.07 17:17:43.032,1.61501,1.61532,1.50,1.00
2014.10.07 17:17:46.759,1.615,1.6153,1.00,1.00
2014.10.07 17:17:46.860,1.61503,1.61534,1.00,1.00
2014.10.07 17:17:47.163,1.61501,1.61532,1.00,1.00
2014.10.07 17:17:47.471,1.61496,1.61525,1.00,1.00
2014.10.07 17:17:47.723,1.61494,1.61525,1.50,1.00
2014.10.07 17:17:47.773,1.61496,1.61527,1.00,1.00
2014.10.07 17:17:48.076,1.615,1.6153,1.00,1.00
2014.10.07 17:17:51.952,1.61501,1.61532,1.00,1.00
2014.10.07 17:17:54.698,1.61501,1.61529,1.00,1.00
2014.10.07 17:17:54.799,1.61499,1.61529,1.00,1.00
2014.10.07 17:17:55.280,1.61499,1.61532,1.50,1.00
2014.10.07 17:17:55.331,1.61501,1.61532,1.00,1.00
2014.10.07 17:17:57.776,1.61499,1.61532,1.00,1.00
2014.10.07 17:17:58.467,1.61503,1.61534,1.00,1.00
2014.10.07 17:18:12.925,1.61505,1.61536,1.00,1.50
2014.10.07 17:18:14.338,1.615,1.61528,1.00,2.85
2014.10.07 17:18:14.490,1.61495,1.61526,1.00,1.60
2014.10.07 17:18:14.695,1.61492,1.61523,1.00,1.00
2014.10.07 17:18:14.746,1.61487,1.6152,1.50,1.00
2014.10.07 17:18:14.947,1.6149,1.61521,1.00,1.00
2014.10.07 17:18:15.467,1.61491,1.61521,1.00,1.00
2014.10.07 17:18:15.805,1.61492,1.61523,1.00,1.00
2014.10.07 17:18:15.906,1.61496,1.61529,1.00,1.50
2014.10.07 17:18:16.674,1.61497,1.61529,1.00,1.00
2014.10.07 17:18:28.645,1.61509,1.61534,1.00,1.00
2014.10.07 17:18:28.747,1.61509,1.61536,1.00,1.00
2014.10.07 17:18:28.798,1.61509,1.6154,1.00,1.00
2014.10.07 17:18:28.848,1.61514,1.61542,1.00,1.00
2014.10.07 17:18:29.281,1.61509,1.6154,1.00,1.00
2014.10.07 17:18:42.528,1.61509,1.61536,1.00,1.00
2014.10.07 17:18:53.308,1.61509,1.61537,1.00,1.00
2014.10.07 17:18:53.409,1.6151,1.61543,1.00,1.50
2014.10.07 17:19:01.893,1.6151,1.61537,1.00,1.00
2014.10.07 17:19:02.137,1.6151,1.61543,1.00,1.00
2014.10.07 17:19:08.919,1.61509,1.6154,1.00,1.00
2014.10.07 17:19:09.223,1.61505,1.61531,1.00,1.50
2014.10.07 17:19:09.274,1.615,1.61531,1.00,1.50
2014.10.07 17:19:09.325,1.61498,1.61529,1.00,1.00
2014.10.07 17:19:09.638,1.61496,1.61527,1.00,1.00
2014.10.07 17:19:11.385,1.61508,1.61531,1.00,1.50
2014.10.07 17:19:11.436,1.61508,1.61536,1.00,1.00
2014.10.07 17:19:11.487,1.61511,1.61536,1.00,1.00
2014.10.07 17:19:11.890,1.61509,1.6154,1.00,1.00
2014.10.07 17:19:12.317,1.61509,1.61536,1.00,1.00
2014.10.07 17:19:12.638,1.61512,1.61536,1.00,1.00
2014.10.07 17:19:13.418,1.61512,1.61537,1.00,1.00
2014.10.07 17:19:14.224,1.61509,1.61537,1.00,1.00
2014.10.07 17:19:14.426,1.61506,1.61537,1.00,1.00
2014.10.07 17:19:15.239,1.61504,1.61535,1.00,1.00
2014.10.07 17:19:15.542,1.61499,1.61526,1.00,1.50
2014.10.07 17:19:15.643,1.61497,1.61526,1.00,1.50
2014.10.07 17:19:16.112,1.61499,1.61526,1.00,1.00
2014.10.07 17:19:16.607,1.61499,1.6153,1.00,1.00
2014.10.07 17:19:16.711,1.61499,1.61532,1.00,1.00
2014.10.07 17:19:16.762,1.61499,1.61527,1.00,1.00
2014.10.07 17:19:16.863,1.61499,1.61532,1.00,1.00
2014.10.07 17:19:17.378,1.61499,1.61533,1.00,2.25
2014.10.07 17:19:21.031,1.61493,1.61523,1.00,1.00
2014.10.07 17:19:21.334,1.61497,1.61527,1.00,1.00
2014.10.07 17:19:21.384,1.61499,1.6153,1.00,1.50
2014.10.07 17:19:21.485,1.615,1.61525,1.00,1.00
2014.10.07 17:19:21.660,1.61504,1.61533,1.00,1.00
2014.10.07 17:19:21.711,1.61504,1.61535,1.00,1.00
2014.10.07 17:19:21.862,1.61507,1.61535,1.00,1.00
2014.10.07 17:19:21.913,1.61507,1.61537,1.00,1.00
2014.10.07 17:19:21.964,1.61509,1.61537,1.00,1.00
2014.10.07 17:19:22.065,1.61506,1.61537,1.00,1.00
2014.10.07 17:19:22.115,1.61506,1.61527,1.00,1.00
2014.10.07 17:19:22.166,1.61504,1.61527,1.00,1.00
2014.10.07 17:19:22.317,1.61494,1.61527,1.00,1.50
2014.10.07 17:19:22.418,1.61494,1.61523,1.00,1.00
2014.10.07 17:19:22.569,1.61492,1.61523,1.00,1.00
2014.10.07 17:19:22.922,1.61492,1.61525,1.00,1.00
2014.10.07 17:19:23.678,1.61494,1.61526,1.00,1.50
2014.10.07 17:19:24.171,1.61499,1.61526,1.00,1.50
2014.10.07 17:19:24.423,1.61503,1.61536,1.00,1.00
2014.10.07 17:19:25.106,1.615,1.61534,1.00,1.00
2014.10.07 17:19:25.207,1.61498,1.61529,1.00,1.00
2014.10.07 17:19:25.325,1.61495,1.61529,1.00,1.50
2014.10.07 17:19:27.498,1.61498,1.61531,1.00,1.00
2014.10.07 17:19:28.008,1.61498,1.61532,1.00,1.00
2014.10.07 17:19:28.634,1.615,1.61532,1.00,1.00
2014.10.07 17:19:35.021,1.615,1.61526,1.00,1.00
2014.10.07 17:19:35.122,1.61498,1.61528,1.00,1.00
2014.10.07 17:19:35.323,1.61494,1.61528,1.00,1.00
2014.10.07 17:19:35.714,1.61491,1.61525,1.50,1.00
2014.10.07 17:19:42.656,1.61493,1.61529,1.00,1.00
2014.10.07 17:19:57.295,1.61491,1.61526,1.00,1.00
2014.10.07 17:19:58.059,1.61491,1.61521,1.00,1.00
2014.10.07 17:19:58.210,1.61489,1.61521,1.00,1.00
2014.10.07 17:19:58.723,1.61488,1.61521,1.00,1.00
2014.10.07 17:19:58.874,1.61489,1.61523,1.50,1.00
2014.10.07 17:20:00.960,1.61491,1.61523,1.00,1.00
2014.10.07 17:20:01.476,1.61491,1.61526,1.50,1.00
2014.10.07 17:20:01.687,1.61493,1.61526,1.00,1.00
2014.10.07 17:20:01.788,1.61493,1.6153,1.00,1.00
2014.10.07 17:20:02.484,1.61494,1.6153,1.00,1.00
2014.10.07 17:20:03.182,1.61497,1.61531,1.00,1.00
2014.10.07 17:20:04.294,1.61494,1.61529,1.00,1.00
2014.10.07 17:20:04.604,1.61493,1.61526,1.00,1.00
2014.10.07 17:20:04.705,1.61491,1.61526,1.50,1.00
2014.10.07 17:20:05.320,1.61491,1.61524,1.50,1.00
2014.10.07 17:20:07.124,1.61491,1.61521,1.00,1.00
2014.10.07 17:20:07.645,1.6149,1.61521,1.00,1.00
2014.10.07 17:20:08.828,1.61492,1.61523,1.00,1.00
2014.10.07 17:20:09.097,1.61494,1.61526,1.00,1.00
2014.10.07 17:20:09.499,1.61491,1.61524,1.00,1.00
2014.10.07 17:20:09.802,1.61494,1.61525,1.00,1.00
2014.10.07 17:20:10.537,1.61493,1.61524,1.00,1.00
2014.10.07 17:20:10.918,1.61491,1.61522,1.00,1.00
2014.10.07 17:20:15.740,1.61493,1.61524,1.00,1.00
2014.10.07 17:20:22.263,1.61489,1.6152,1.00,1.00
2014.10.07 17:20:26.064,1.61486,1.61513,1.00,1.00
2014.10.07 17:20:26.115,1.61484,1.61513,1.00,1.00
2014.10.07 17:20:26.166,1.61484,1.61506,1.00,1.00
2014.10.07 17:20:26.368,1.61475,1.61506,1.00,1.00
2014.10.07 17:20:26.469,1.61473,1.61504,1.50,1.00
2014.10.07 17:20:27.036,1.61472,1.61508,1.00,1.00
2014.10.07 17:20:27.291,1.61472,1.61505,1.50,1.00
2014.10.07 17:20:29.293,1.61474,1.61505,1.00,1.00
2014.10.07 17:20:29.596,1.61473,1.61503,1.00,1.00
2014.10.07 17:20:29.901,1.61477,1.61503,1.00,1.00
2014.10.07 17:20:30.154,1.61477,1.61505,1.00,1.00
2014.10.07 17:20:30.683,1.61476,1.61505,1.00,1.00
2014.10.07 17:20:32.664,1.61476,1.61508,1.00,1.00
2014.10.07 17:20:34.204,1.61477,1.6151,1.00,1.00
2014.10.07 17:20:34.982,1.61478,1.6151,1.00,1.00
2014.10.07 17:20:36.013,1.61477,1.6151,1.00,1.00
2014.10.07 17:20:37.281,1.6148,1.61511,1.00,1.00
2014.10.07 17:20:38.233,1.61475,1.61508,1.50,1.00
2014.10.07 17:20:38.283,1.61475,1.61506,1.50,1.00
2014.10.07 17:20:38.606,1.61479,1.6151,1.00,1.00
2014.10.07 17:20:39.243,1.61483,1.61513,1.00,1.00
2014.10.07 17:20:39.756,1.61483,1.61514,1.00,1.00
2014.10.07 17:20:41.448,1.61489,1.61514,1.00,1.00
2014.10.07 17:20:41.549,1.61486,1.61517,1.00,1.00
2014.10.07 17:20:42.717,1.61487,1.61517,1.00,1.00
2014.10.07 17:20:42.919,1.61487,1.61519,1.00,1.00
2014.10.07 17:20:43.242,1.6149,1.6152,1.00,1.00
2014.10.07 17:20:43.394,1.61492,1.61524,1.00,1.00
2014.10.07 17:20:45.032,1.61492,1.61525,1.00,1.00
2014.10.07 17:20:46.125,1.61495,1.61526,1.00,1.50
2014.10.07 17:20:54.259,1.61498,1.61526,1.00,1.00
2014.10.07 17:20:54.662,1.615,1.61527,1.00,1.00
2014.10.07 17:20:55.348,1.61501,1.61527,1.00,1.00
2014.10.07 17:20:55.449,1.61501,1.61531,1.00,1.00
2014.10.07 17:20:55.500,1.61507,1.61531,1.00,1.00
2014.10.07 17:20:55.712,1.61507,1.61538,1.00,1.50
2014.10.07 17:20:55.863,1.61509,1.6154,1.00,1.50
2014.10.07 17:20:56.682,1.61515,1.61544,1.00,1.00
2014.10.07 17:20:56.733,1.61515,1.61546,1.00,1.50
2014.10.07 17:20:56.884,1.6151,1.61543,1.00,1.00
2014.10.07 17:20:57.190,1.61514,1.61545,1.00,1.00
2014.10.07 17:20:59.253,1.61514,1.6154,1.00,1.00
2014.10.07 17:20:59.482,1.61514,1.61544,1.00,1.00
2014.10.07 17:21:03.481,1.61515,1.61544,1.00,1.00
2014.10.07 17:21:03.532,1.61515,1.61546,1.00,1.00
2014.10.07 17:21:08.073,1.61515,1.61547,1.00,1.00
2014.10.07 17:21:09.535,1.61518,1.61547,1.00,1.00
2014.10.07 17:21:10.129,1.61517,1.61546,1.00,1.00
2014.10.07 17:21:10.180,1.61517,1.6155,1.00,1.00
2014.10.07 17:21:10.274,1.61517,1.61546,1.00,1.00
2014.10.07 17:21:10.576,1.61532,1.61561,1.00,1.00
2014.10.07 17:21:10.778,1.61539,1.61572,1.00,1.50
2014.10.07 17:21:10.828,1.61541,1.61572,1.00,1.00
2014.10.07 17:21:11.211,1.61539,1.61572,1.00,1.00
2014.10.07 17:21:11.463,1.61542,1.61573,1.00,1.00
2014.10.07 17:21:11.774,1.61544,1.61575,1.00,1.00
2014.10.07 17:21:12.463,1.61538,1.61571,1.00,1.00
2014.10.07 17:21:12.521,1.61541,1.61572,1.00,1.50
2014.10.07 17:21:12.622,1.61538,1.61571,1.00,1.00
2014.10.07 17:21:12.927,1.61541,1.61572,1.00,1.50
2014.10.07 17:21:15.333,1.61541,1.61566,1.00,1.00
2014.10.07 17:21:16.102,1.61541,1.61572,1.00,1.00
2014.10.07 17:21:17.013,1.61541,1.61566,1.00,1.00
2014.10.07 17:21:17.783,1.61541,1.61572,1.00,1.00
2014.10.07 17:21:18.562,1.61539,1.6157,1.00,1.00
2014.10.07 17:21:20.767,1.61541,1.61572,1.00,1.00
2014.10.07 17:21:21.070,1.61557,1.61572,1.00,1.00
2014.10.07 17:21:21.121,1.61557,1.61576,1.00,1.00
2014.10.07 17:21:21.172,1.61557,1.61585,1.00,1.00
2014.10.07 17:21:21.273,1.61557,1.61587,1.00,1.00
2014.10.07 17:21:21.374,1.6156,1.61587,1.00,1.00
2014.10.07 17:21:21.944,1.6156,1.61586,1.00,1.00
2014.10.07 17:21:29.518,1.61567,1.61586,1.00,1.00
2014.10.07 17:21:29.720,1.6156,1.61586,1.00,1.00
2014.10.07 17:21:29.821,1.61557,1.61584,1.00,1.00
2014.10.07 17:21:30.046,1.61557,1.61586,1.00,1.00
2014.10.07 17:21:38.013,1.61555,1.61586,1.00,1.00
2014.10.07 17:21:38.063,1.61555,1.61584,1.00,1.00
2014.10.07 17:21:38.510,1.61554,1.61579,1.00,1.00
2014.10.07 17:21:41.324,1.61561,1.61579,1.00,1.00
2014.10.07 17:21:41.375,1.61561,1.61586,1.00,1.00
2014.10.07 17:21:41.426,1.61563,1.61586,1.00,1.00
2014.10.07 17:21:41.728,1.61567,1.61593,1.00,1.00
2014.10.07 17:21:41.941,1.61567,1.61596,1.00,1.00
2014.10.07 17:21:42.246,1.61567,1.61593,1.00,1.00
2014.10.07 17:21:42.347,1.61565,1.61595,1.00,1.00
2014.10.07 17:21:42.549,1.61562,1.61593,1.00,1.00
2014.10.07 17:21:42.650,1.61559,1.61592,1.00,1.00
2014.10.07 17:21:42.701,1.61559,1.61588,1.00,1.00
2014.10.07 17:21:43.004,1.61558,1.61584,1.00,1.00
2014.10.07 17:21:43.224,1.61553,1.61584,1.00,1.50
2014.10.07 17:21:43.325,1.61551,1.61584,1.00,1.50
2014.10.07 17:21:43.426,1.6155,1.61581,1.00,1.00
2014.10.07 17:21:47.290,1.6155,1.6158,1.00,1.00
2014.10.07 17:21:49.931,1.6155,1.61576,1.00,1.00
2014.10.07 17:21:50.040,1.6155,1.61578,1.00,1.00
2014.10.07 17:21:50.872,1.61547,1.61578,1.00,1.00
2014.10.07 17:21:51.609,1.61547,1.61577,1.00,1.00
2014.10.07 17:21:54.660,1.61547,1.61576,1.00,1.00
2014.10.07 17:21:59.180,1.61554,1.61576,1.00,1.00
2014.10.07 17:21:59.292,1.61554,1.6158,1.00,1.00
2014.10.07 17:21:59.393,1.61557,1.6158,1.00,1.00
2014.10.07 17:21:59.544,1.61557,1.61583,1.00,1.00
2014.10.07 17:21:59.746,1.61557,1.61585,1.00,1.00
2014.10.07 17:21:59.866,1.61559,1.61585,1.00,1.00
2014.10.07 17:21:59.967,1.61559,1.61588,1.00,1.00
2014.10.07 17:22:00.169,1.61564,1.61588,1.00,1.00
2014.10.07 17:22:00.471,1.61568,1.6159,1.00,1.00
2014.10.07 17:22:00.623,1.61568,1.61593,1.00,1.00
2014.10.07 17:22:02.375,1.61571,1.61593,1.00,1.00
2014.10.07 17:22:02.477,1.61571,1.61595,1.00,1.00
2014.10.07 17:22:03.505,1.61571,1.61587,1.00,1.00
2014.10.07 17:22:08.102,1.61571,1.61595,1.00,1.00
2014.10.07 17:22:08.203,1.61563,1.61595,1.00,1.00
2014.10.07 17:22:08.254,1.61563,1.61586,1.00,1.00
2014.10.07 17:22:08.305,1.61559,1.61586,1.00,1.00
2014.10.07 17:22:08.406,1.61557,1.61586,1.00,1.00
2014.10.07 17:22:08.456,1.61556,1.61582,1.00,1.00
2014.10.07 17:22:09.300,1.6157,1.61582,1.00,1.00
2014.10.07 17:22:09.552,1.61577,1.61589,1.00,1.00
2014.10.07 17:22:09.603,1.61574,1.61589,1.00,1.00
2014.10.07 17:22:09.754,1.61574,1.61604,1.00,1.00
2014.10.07 17:22:09.956,1.61586,1.61608,1.00,1.00
2014.10.07 17:22:10.171,1.61586,1.61615,1.00,1.00
2014.10.07 17:22:10.458,1.61586,1.6161,1.00,1.00
2014.10.07 17:22:10.561,1.61586,1.61615,1.00,1.00
2014.10.07 17:22:10.611,1.61589,1.61618,1.00,1.00
2014.10.07 17:22:11.125,1.61589,1.61619,1.00,1.00
2014.10.07 17:22:11.394,1.61589,1.61622,1.00,1.00
2014.10.07 17:22:11.445,1.61589,1.61625,1.00,1.50
2014.10.07 17:22:11.651,1.61589,1.61622,1.00,1.00
2014.10.07 17:22:11.953,1.61581,1.61614,1.00,1.50
2014.10.07 17:22:12.155,1.61578,1.61612,1.00,1.50
2014.10.07 17:22:12.256,1.61578,1.61609,1.00,1.00
2014.10.07 17:22:12.515,1.61578,1.61612,1.00,1.50
2014.10.07 17:22:13.478,1.61578,1.61608,1.00,1.00
2014.10.07 17:22:14.151,1.61578,1.61607,1.00,1.00
2014.10.07 17:22:18.766,1.6159,1.61607,1.00,1.00
2014.10.07 17:22:18.817,1.6159,1.61618,1.00,1.00
2014.10.07 17:22:18.867,1.61602,1.61618,1.60,1.00
2014.10.07 17:22:19.019,1.61602,1.61633,1.60,1.00
2014.10.07 17:22:19.069,1.6161,1.61634,1.00,1.00
2014.10.07 17:22:19.385,1.61614,1.61636,1.00,1.00
2014.10.07 17:22:19.826,1.61611,1.61636,1.00,1.00
2014.10.07 17:22:20.330,1.61609,1.61638,1.00,1.00
2014.10.07 17:22:20.431,1.61603,1.61636,1.00,1.00
2014.10.07 17:22:20.632,1.61598,1.61635,1.50,1.00
2014.10.07 17:22:20.683,1.61598,1.61632,1.50,1.00
2014.10.07 17:22:20.834,1.61595,1.61631,1.00,1.00
2014.10.07 17:22:21.114,1.61595,1.61627,1.00,1.00
2014.10.07 17:22:21.632,1.61594,1.61627,1.00,1.00
2014.10.07 17:22:22.183,1.61595,1.61626,1.00,1.00
2014.10.07 17:22:23.281,1.61595,1.61627,1.00,1.00
2014.10.07 17:22:23.821,1.61595,1.61626,1.00,1.00
2014.10.07 17:22:24.657,1.61593,1.61624,1.00,1.00
2014.10.07 17:22:24.707,1.6159,1.61624,1.00,1.00
2014.10.07 17:22:24.758,1.6159,1.61616,1.00,1.00
2014.10.07 17:22:25.061,1.61593,1.61617,1.00,1.00
2014.10.07 17:22:25.162,1.61587,1.61613,1.00,1.00
2014.10.07 17:22:25.464,1.61588,1.61617,1.00,1.00
2014.10.07 17:22:25.616,1.61588,1.61612,1.00,1.00
2014.10.07 17:22:25.717,1.61592,1.61617,1.00,1.00
2014.10.07 17:22:25.969,1.61589,1.61617,1.00,1.00
2014.10.07 17:22:26.492,1.61591,1.61617,1.00,1.00
2014.10.07 17:22:26.795,1.61579,1.61606,1.00,1.60
2014.10.07 17:22:26.896,1.61574,1.61606,1.00,1.00
2014.10.07 17:22:27.603,1.61574,1.61607,1.00,1.00
2014.10.07 17:22:30.552,1.61574,1.61606,1.00,1.00
2014.10.07 17:22:34.690,1.61572,1.61606,1.00,1.00
2014.10.07 17:22:34.841,1.61572,1.61597,1.00,1.00
2014.10.07 17:22:34.892,1.61566,1.61597,1.50,1.00
2014.10.07 17:22:35.815,1.61563,1.61597,1.00,1.00
2014.10.07 17:22:36.120,1.61557,1.61591,1.00,1.00
2014.10.07 17:22:36.423,1.61556,1.61586,1.00,1.50
2014.10.07 17:22:36.779,1.61556,1.61591,1.00,1.50
2014.10.07 17:22:37.151,1.6156,1.61591,1.00,1.00
2014.10.07 17:22:38.501,1.6156,1.61595,1.00,1.00
2014.10.07 17:22:38.918,1.61563,1.61596,1.00,1.50
2014.10.07 17:22:40.622,1.61562,1.61593,1.00,1.00
2014.10.07 17:22:41.768,1.61558,1.61589,1.00,1.00
2014.10.07 17:22:41.869,1.61555,1.61588,1.00,1.00
2014.10.07 17:22:41.970,1.61557,1.6159,1.00,1.50
2014.10.07 17:22:42.272,1.61557,1.61588,1.00,1.00
2014.10.07 17:22:42.373,1.61554,1.61586,1.00,1.00
2014.10.07 17:22:42.474,1.61553,1.61584,1.00,1.00
2014.10.07 17:22:42.948,1.61548,1.61579,1.00,1.00
2014.10.07 17:22:43.251,1.61548,1.61576,1.00,1.00
2014.10.07 17:22:43.562,1.6154,1.61573,1.00,1.00
2014.10.07 17:22:44.166,1.6154,1.61571,1.00,1.00
2014.10.07 17:22:44.368,1.61538,1.61571,1.00,1.50
2014.10.07 17:22:44.519,1.61538,1.61569,1.00,1.00
2014.10.07 17:22:46.288,1.61537,1.61568,1.00,1.00
2014.10.07 17:22:46.491,1.61532,1.61567,1.00,1.00
2014.10.07 17:22:46.542,1.61532,1.61557,1.00,1.00
2014.10.07 17:22:46.593,1.61529,1.61557,1.00,1.00
2014.10.07 17:22:46.694,1.61525,1.61558,1.00,1.00
2014.10.07 17:22:46.744,1.61525,1.61556,1.00,1.00
2014.10.07 17:22:46.996,1.61522,1.61556,1.00,1.00
2014.10.07 17:22:47.047,1.61522,1.61559,1.00,1.00
2014.10.07 17:22:47.681,1.61526,1.61559,1.00,1.00
2014.10.07 17:22:47.983,1.61529,1.61559,1.00,1.00
2014.10.07 17:22:48.356,1.61529,1.61561,1.00,1.00
2014.10.07 17:22:48.407,1.61534,1.61561,1.00,1.00
2014.10.07 17:22:48.709,1.61538,1.61567,1.00,1.00
2014.10.07 17:22:48.911,1.61543,1.61567,1.00,1.00
2014.10.07 17:22:49.062,1.61546,1.61576,1.00,1.50
2014.10.07 17:22:49.589,1.61545,1.61576,1.00,1.00
2014.10.07 17:22:49.933,1.61548,1.61577,1.00,1.00
2014.10.07 17:22:50.134,1.61539,1.61573,1.00,1.00
2014.10.07 17:22:50.185,1.61539,1.61567,1.00,1.00
2014.10.07 17:22:50.236,1.61534,1.61567,1.00,1.00
2014.10.07 17:22:50.338,1.61532,1.61565,1.00,1.00
2014.10.07 17:22:50.551,1.6153,1.61566,1.50,1.00
2014.10.07 17:22:50.652,1.6154,1.61572,1.00,1.00
2014.10.07 17:22:50.702,1.6154,1.61576,1.00,1.50
2014.10.07 17:22:50.753,1.61543,1.61576,1.00,1.00
2014.10.07 17:22:50.904,1.61543,1.61579,1.00,1.50
2014.10.07 17:22:51.659,1.61544,1.61579,1.00,1.00
2014.10.07 17:22:51.861,1.61547,1.61581,1.00,1.00
2014.10.07 17:22:52.828,1.6155,1.61585,1.00,1.00
2014.10.07 17:22:53.244,1.61547,1.61585,1.00,1.50
2014.10.07 17:22:53.421,1.6155,1.61585,1.00,1.00
2014.10.07 17:22:53.753,1.61551,1.61588,1.00,1.00
2014.10.07 17:22:53.860,1.61548,1.61575,1.00,1.00
2014.10.07 17:22:53.961,1.61548,1.61578,1.00,1.00
2014.10.07 17:22:54.062,1.61548,1.61581,1.00,1.00
2014.10.07 17:22:54.214,1.61546,1.61581,1.00,1.00
2014.10.07 17:22:54.264,1.61552,1.61584,1.00,1.00
2014.10.07 17:22:54.566,1.61555,1.61584,1.00,1.00
2014.10.07 17:22:55.093,1.61554,1.61584,1.00,1.00
2014.10.07 17:22:55.143,1.61554,1.61589,1.00,1.00
2014.10.07 17:22:55.194,1.61552,1.61585,1.00,1.00
2014.10.07 17:22:55.547,1.61547,1.61583,1.50,1.00
2014.10.07 17:22:56.068,1.61542,1.61578,1.00,1.00
2014.10.07 17:22:56.992,1.61546,1.6158,1.00,2.25
2014.10.07 17:22:59.500,1.61543,1.61577,1.00,1.00
2014.10.07 17:22:59.558,1.6154,1.61575,1.00,1.00
2014.10.07 17:22:59.859,1.61544,1.61578,1.00,1.00
2014.10.07 17:22:59.960,1.6154,1.6158,1.00,1.50
2014.10.07 17:23:00.962,1.61545,1.6158,1.00,1.50
2014.10.07 17:23:01.375,1.61542,1.61576,1.00,1.00
2014.10.07 17:23:01.865,1.61547,1.61576,1.00,1.00
2014.10.07 17:23:02.283,1.61543,1.61576,1.00,1.00
2014.10.07 17:23:02.384,1.6154,1.61574,1.00,1.00
2014.10.07 17:23:02.687,1.61536,1.61572,1.00,1.00
2014.10.07 17:23:03.505,1.61536,1.61575,1.00,1.50
2014.10.07 17:23:03.606,1.61537,1.61571,1.00,1.00
2014.10.07 17:23:04.610,1.61543,1.61575,1.00,1.00
2014.10.07 17:23:04.762,1.61546,1.61579,1.00,1.00
2014.10.07 17:23:05.278,1.61546,1.6158,1.00,1.00
2014.10.07 17:23:05.730,1.61551,1.61585,1.00,2.25
2014.10.07 17:23:06.044,1.61548,1.61582,1.00,1.00
2014.10.07 17:23:06.195,1.61547,1.61585,1.50,1.50
2014.10.07 17:23:10.430,1.6155,1.61585,1.00,1.50
2014.10.07 17:23:17.245,1.61549,1.61583,1.00,1.00
2014.10.07 17:23:19.971,1.61547,1.61581,1.00,1.00
2014.10.07 17:23:20.273,1.61561,1.61593,1.00,1.00
2014.10.07 17:23:20.475,1.6157,1.61605,1.00,1.00
2014.10.07 17:23:21.599,1.6157,1.61596,1.00,1.00
2014.10.07 17:23:21.850,1.6157,1.61605,1.00,1.00
2014.10.07 17:23:22.740,1.6157,1.61604,1.00,1.00
2014.10.07 17:23:23.252,1.6157,1.61605,1.00,1.00
2014.10.07 17:23:23.552,1.61576,1.61606,1.00,1.00
2014.10.07 17:23:24.206,1.61579,1.61606,1.00,1.00
2014.10.07 17:23:24.257,1.61579,1.61613,1.00,2.25
2014.10.07 17:23:24.307,1.61583,1.61613,1.00,1.50
2014.10.07 17:23:24.610,1.61588,1.61616,1.00,1.00
2014.10.07 17:23:25.341,1.61588,1.61619,1.00,1.00
2014.10.07 17:23:25.492,1.61588,1.61622,1.00,1.00
2014.10.07 17:23:25.543,1.6159,1.61622,1.00,1.00
2014.10.07 17:23:25.979,1.61588,1.61622,1.50,1.00
2014.10.07 17:23:26.880,1.61587,1.61618,1.00,1.00
2014.10.07 17:23:26.981,1.61584,1.61616,1.00,1.00
2014.10.07 17:23:27.082,1.61579,1.61615,1.00,1.00
2014.10.07 17:23:27.183,1.61578,1.61606,1.00,1.00
2014.10.07 17:23:27.435,1.61571,1.61605,1.00,1.00
2014.10.07 17:23:28.829,1.61573,1.61605,1.00,1.00
2014.10.07 17:23:29.299,1.61574,1.61599,1.00,1.00
2014.10.07 17:23:29.400,1.61569,1.61605,1.00,1.00
2014.10.07 17:23:30.695,1.61569,1.61608,1.50,1.50
2014.10.07 17:23:30.746,1.61573,1.61608,1.00,1.00
2014.10.07 17:23:30.847,1.61573,1.6161,1.00,1.00
2014.10.07 17:23:34.428,1.61574,1.6161,1.00,1.00
2014.10.07 17:23:35.571,1.61573,1.6161,1.00,1.00
2014.10.07 17:23:35.823,1.61573,1.61606,1.00,1.00
2014.10.07 17:23:36.340,1.61576,1.61606,1.00,1.00
2014.10.07 17:23:36.491,1.61576,1.61613,1.00,1.50
2014.10.07 17:23:36.749,1.61577,1.61602,1.00,1.00
2014.10.07 17:23:36.850,1.61567,1.61602,1.00,1.50
2014.10.07 17:23:36.901,1.61567,1.61596,1.00,1.00
2014.10.07 17:23:37.102,1.61562,1.61593,1.00,1.00
2014.10.07 17:23:37.253,1.61564,1.61594,1.00,1.00
2014.10.07 17:23:37.573,1.6157,1.61596,1.50,1.00
2014.10.07 17:23:38.101,1.6157,1.61603,1.50,1.00
2014.10.07 17:23:38.151,1.61573,1.61603,1.00,1.00
2014.10.07 17:23:38.202,1.61574,1.61606,1.00,1.00
2014.10.07 17:23:38.878,1.61575,1.61606,1.00,1.00
2014.10.07 17:23:40.346,1.61575,1.61607,1.00,1.00
2014.10.07 17:23:40.849,1.61576,1.61606,1.00,1.00
2014.10.07 17:23:42.142,1.61578,1.61606,1.00,1.00
2014.10.07 17:23:45.380,1.61578,1.61612,1.00,1.50
2014.10.07 17:23:45.532,1.61579,1.61615,1.00,1.00
2014.10.07 17:23:45.582,1.61579,1.61613,1.50,1.00
2014.10.07 17:23:45.683,1.61579,1.61615,1.00,1.00
2014.10.07 17:23:45.985,1.61581,1.61616,1.00,1.00
2014.10.07 17:23:46.976,1.61583,1.61617,1.00,1.50
2014.10.07 17:23:47.863,1.6158,1.61614,1.00,1.00
2014.10.07 17:23:49.236,1.6158,1.61613,1.00,1.00
2014.10.07 17:23:49.286,1.61578,1.61612,1.50,1.00
2014.10.07 17:23:49.793,1.61578,1.61606,1.00,1.00
2014.10.07 17:23:49.945,1.61576,1.61606,1.00,1.50
2014.10.07 17:23:50.407,1.61574,1.61606,1.00,1.50
2014.10.07 17:23:50.985,1.61577,1.61606,1.00,1.00
2014.10.07 17:23:51.964,1.61576,1.61606,1.50,1.00
2014.10.07 17:23:52.459,1.61578,1.61606,1.00,1.00
2014.10.07 17:23:53.399,1.6158,1.61606,1.00,1.00
2014.10.07 17:23:53.500,1.61577,1.61606,1.00,1.00
2014.10.07 17:23:58.122,1.61577,1.6161,1.00,1.00
2014.10.07 17:23:59.329,1.61577,1.61607,1.00,1.00
2014.10.07 17:23:59.549,1.61577,1.6161,1.00,1.00
2014.10.07 17:23:59.799,1.6158,1.61611,1.00,1.50
2014.10.07 17:24:00.101,1.61577,1.61608,1.50,1.00
2014.10.07 17:24:00.203,1.61579,1.61612,1.00,1.00
2014.10.07 17:24:00.489,1.61576,1.61613,1.50,1.00
2014.10.07 17:24:01.000,1.61581,1.61612,1.00,1.00
2014.10.07 17:24:01.309,1.61576,1.61609,1.50,1.00
2014.10.07 17:24:03.951,1.6158,1.6161,1.00,1.00
2014.10.07 17:24:06.211,1.6158,1.61611,1.00,1.00
2014.10.07 17:24:06.513,1.61578,1.61612,1.00,1.00
2014.10.07 17:24:06.915,1.61577,1.616,1.00,1.00
2014.10.07 17:24:07.117,1.61573,1.616,1.00,1.00
2014.10.07 17:24:07.318,1.6157,1.61599,1.00,1.00
2014.10.07 17:24:07.369,1.6157,1.61592,1.00,1.00
2014.10.07 17:24:07.570,1.61567,1.61592,1.00,1.00
2014.10.07 17:24:08.108,1.61567,1.61593,1.00,1.00
2014.10.07 17:24:10.979,1.61567,1.61592,1.00,1.00
2014.10.07 17:24:11.080,1.61564,1.61591,1.00,1.00
2014.10.07 17:24:11.282,1.61564,1.61586,1.00,1.00
2014.10.07 17:24:11.332,1.61556,1.61587,1.00,1.00
2014.10.07 17:24:11.634,1.61556,1.61583,1.00,1.00
2014.10.07 17:24:11.942,1.61565,1.61597,1.00,1.00
2014.10.07 17:24:12.143,1.61566,1.61599,1.00,1.00
2014.10.07 17:24:12.291,1.61564,1.61595,1.00,1.00
2014.10.07 17:24:12.828,1.61569,1.616,1.00,1.00
2014.10.07 17:24:12.980,1.61562,1.61594,1.00,1.00
2014.10.07 17:24:13.182,1.61557,1.6159,1.00,1.00
2014.10.07 17:24:13.409,1.61557,1.61585,1.00,1.00
2014.10.07 17:24:13.711,1.6156,1.61585,1.00,1.00
2014.10.07 17:24:15.186,1.61563,1.61585,1.00,1.00
2014.10.07 17:24:15.287,1.61563,1.61592,1.00,1.00
2014.10.07 17:24:15.387,1.61561,1.61592,1.00,1.50
2014.10.07 17:24:15.488,1.61561,1.61586,1.00,1.00
2014.10.07 17:24:15.770,1.61558,1.61586,1.00,1.00
2014.10.07 17:24:15.921,1.61558,1.61591,1.00,1.50
2014.10.07 17:24:16.123,1.61558,1.61584,1.00,1.00
2014.10.07 17:24:16.425,1.61553,1.61582,1.00,1.00
2014.10.07 17:24:16.928,1.61553,1.61579,1.00,1.00
2014.10.07 17:24:16.979,1.61551,1.61579,1.00,1.00
2014.10.07 17:24:17.130,1.61551,1.61581,1.00,1.00
2014.10.07 17:24:17.181,1.61554,1.61581,1.00,1.00
2014.10.07 17:24:19.370,1.61556,1.61581,1.00,1.00
2014.10.07 17:24:19.765,1.61556,1.61579,1.00,1.00
2014.10.07 17:24:24.718,1.61556,1.61583,1.00,1.00
2014.10.07 17:24:28.888,1.61558,1.61583,1.00,1.00
2014.10.07 17:24:29.890,1.61556,1.61583,1.00,1.00
2014.10.07 17:24:31.517,1.61556,1.61587,1.00,1.00
2014.10.07 17:24:31.737,1.61556,1.61582,1.00,1.00
2014.10.07 17:24:31.894,1.6155,1.61581,1.00,1.00
2014.10.07 17:24:32.147,1.61546,1.61577,1.00,1.00
2014.10.07 17:24:32.450,1.61543,1.61571,1.00,1.00
2014.10.07 17:24:32.928,1.6154,1.6157,1.00,1.00
2014.10.07 17:24:33.471,1.6154,1.61571,1.00,1.00
2014.10.07 17:24:33.521,1.6154,1.61568,1.00,1.00
2014.10.07 17:24:34.369,1.6154,1.61567,1.00,1.00
2014.10.07 17:24:36.408,1.61538,1.61567,1.00,1.00
2014.10.07 17:24:36.509,1.6154,1.61567,1.00,1.00
2014.10.07 17:24:36.577,1.6154,1.61572,1.00,1.00
2014.10.07 17:24:36.728,1.61538,1.61571,1.00,1.00
2014.10.07 17:24:36.797,1.61538,1.61567,1.00,1.00
2014.10.07 17:24:37.558,1.61537,1.61567,1.00,1.00
2014.10.07 17:24:37.659,1.61534,1.61565,1.00,1.00
2014.10.07 17:24:38.512,1.61537,1.61565,1.00,1.00
2014.10.07 17:24:38.562,1.61537,1.61567,1.00,1.00
2014.10.07 17:24:39.511,1.61537,1.61566,1.00,1.00
2014.10.07 17:24:40.047,1.61537,1.61567,1.00,1.50
2014.10.07 17:24:41.148,1.6153,1.61561,1.00,1.00
2014.10.07 17:24:41.451,1.6153,1.61559,1.00,1.00
2014.10.07 17:24:41.653,1.61527,1.6156,1.00,1.00
2014.10.07 17:24:41.854,1.61524,1.61557,1.00,1.00
2014.10.07 17:24:42.160,1.61517,1.6155,1.00,1.00
2014.10.07 17:24:44.068,1.61517,1.61545,1.00,2.10
2014.10.07 17:24:44.169,1.61515,1.61545,1.00,2.10
2014.10.07 17:24:44.376,1.61505,1.61538,1.50,1.00
2014.10.07 17:24:44.427,1.61505,1.61533,1.00,2.10
2014.10.07 17:24:44.679,1.61509,1.61542,1.00,1.00
2014.10.07 17:24:44.780,1.61519,1.61542,1.00,1.00
2014.10.07 17:24:44.831,1.61519,1.6155,1.00,1.00
2014.10.07 17:24:44.982,1.61521,1.61552,1.00,1.35
2014.10.07 17:24:45.285,1.61521,1.61552,1.00,1.60
2014.10.07 17:24:45.640,1.61521,1.61549,1.00,2.10
2014.10.07 17:24:45.691,1.61518,1.61549,1.00,2.85
2014.10.07 17:24:45.843,1.61513,1.61546,1.00,1.35
2014.10.07 17:24:45.945,1.61512,1.61543,1.00,1.00
2014.10.07 17:24:46.263,1.61512,1.61539,1.00,2.10
2014.10.07 17:24:47.040,1.61512,1.61543,1.00,1.00
2014.10.07 17:24:47.192,1.61515,1.61545,1.00,1.00
2014.10.07 17:24:47.242,1.61515,1.61548,1.00,1.00
2014.10.07 17:24:47.654,1.61519,1.61549,1.00,1.00
2014.10.07 17:24:47.756,1.61509,1.61545,1.50,1.00
2014.10.07 17:24:47.857,1.61513,1.61544,1.00,1.00
2014.10.07 17:24:49.064,1.61513,1.61544,1.00,2.85
2014.10.07 17:24:49.166,1.61509,1.6154,1.50,1.60
2014.10.07 17:24:49.368,1.61511,1.61542,1.00,1.60
2014.10.07 17:24:49.570,1.61511,1.61542,1.00,1.00
2014.10.07 17:24:49.671,1.61513,1.61546,1.00,1.00
2014.10.07 17:24:51.164,1.61515,1.61548,1.00,1.00
2014.10.07 17:24:51.467,1.61517,1.6155,1.00,1.00
2014.10.07 17:24:53.578,1.61512,1.61545,1.50,1.00
2014.10.07 17:24:56.698,1.61511,1.61542,1.00,1.00
2014.10.07 17:24:56.894,1.61508,1.61541,1.00,1.00
2014.10.07 17:24:58.229,1.6151,1.61543,1.00,1.00
2014.10.07 17:24:58.531,1.61512,1.61545,1.00,1.00
2014.10.07 17:24:59.360,1.61512,1.61542,1.00,2.10
2014.10.07 17:24:59.517,1.6151,1.61542,1.00,2.10
2014.10.07 17:25:00.241,1.61511,1.61542,1.00,2.85
2014.10.07 17:25:02.327,1.61513,1.61542,1.00,2.10
2014.10.07 17:25:04.722,1.61508,1.61539,1.00,1.60
2014.10.07 17:25:06.331,1.61504,1.61537,1.00,1.00
2014.10.07 17:25:07.628,1.61501,1.61534,1.50,1.00
2014.10.07 17:25:07.931,1.61495,1.61526,1.00,2.85
2014.10.07 17:25:08.082,1.61491,1.61522,1.00,1.00
2014.10.07 17:25:08.286,1.61492,1.61525,1.00,1.00
2014.10.07 17:25:08.337,1.61489,1.6152,1.00,1.00
2014.10.07 17:25:08.646,1.61488,1.61517,1.00,2.10
2014.10.07 17:25:10.574,1.61486,1.61517,1.00,2.10
2014.10.07 17:25:11.019,1.61486,1.61519,1.00,1.00
2014.10.07 17:25:11.244,1.6149,1.61521,1.00,1.00
2014.10.07 17:25:11.546,1.6149,1.61521,1.00,1.60
2014.10.07 17:25:11.748,1.61485,1.61518,1.00,1.60
2014.10.07 17:25:11.849,1.61488,1.61522,1.00,1.60
2014.10.07 17:25:12.000,1.61485,1.61521,1.00,1.60
2014.10.07 17:25:12.051,1.615,1.61523,1.00,2.10
2014.10.07 17:25:12.152,1.61501,1.61522,1.00,1.00
2014.10.07 17:25:12.354,1.61501,1.61537,1.00,1.00
2014.10.07 17:25:12.645,1.61505,1.61539,1.00,1.00
2014.10.07 17:25:12.947,1.61511,1.61547,1.00,1.00
2014.10.07 17:25:13.048,1.61514,1.61549,1.00,1.00
2014.10.07 17:25:13.351,1.61523,1.61557,1.00,1.00
2014.10.07 17:25:13.402,1.61522,1.61559,1.00,1.00
2014.10.07 17:25:13.503,1.61522,1.61555,1.00,1.00
2014.10.07 17:25:13.859,1.61522,1.61557,1.50,1.00
2014.10.07 17:25:13.960,1.61525,1.61559,1.00,1.00
2014.10.07 17:25:14.288,1.61528,1.61559,1.00,1.00
2014.10.07 17:25:14.339,1.61526,1.61559,1.00,1.00
2014.10.07 17:25:14.861,1.61525,1.61559,1.50,1.00
2014.10.07 17:25:16.119,1.61529,1.61563,1.00,1.00
2014.10.07 17:25:17.500,1.6153,1.61563,1.00,1.00
2014.10.07 17:25:18.010,1.61529,1.61563,1.00,1.00
2014.10.07 17:25:18.621,1.6153,1.61563,1.00,1.00
2014.10.07 17:25:18.828,1.61528,1.61563,1.00,1.00
2014.10.07 17:25:19.241,1.61528,1.6156,1.00,1.00
2014.10.07 17:25:19.392,1.61525,1.61559,1.00,1.00
2014.10.07 17:25:19.585,1.61522,1.61559,1.50,1.00
2014.10.07 17:25:19.635,1.61524,1.61559,1.00,1.00
2014.10.07 17:25:19.938,1.61536,1.61567,1.00,1.00
2014.10.07 17:25:20.139,1.61534,1.61566,1.00,1.00
2014.10.07 17:25:20.240,1.61535,1.6157,1.00,1.00
2014.10.07 17:25:20.291,1.61535,1.61572,1.00,1.50
2014.10.07 17:25:20.341,1.61535,1.61567,1.00,1.00
2014.10.07 17:25:20.648,1.61537,1.61566,1.00,1.00
2014.10.07 17:25:21.160,1.61536,1.61566,1.00,1.00
2014.10.07 17:25:21.830,1.6154,1.61566,1.00,1.00
2014.10.07 17:25:21.880,1.6154,1.6157,1.00,1.00
2014.10.07 17:25:21.931,1.6154,1.61574,1.50,1.00
2014.10.07 17:25:22.237,1.61543,1.61577,1.00,1.00
2014.10.07 17:25:22.338,1.61541,1.61577,1.00,1.50
2014.10.07 17:25:22.443,1.6154,1.61574,1.00,1.00
2014.10.07 17:25:22.890,1.61542,1.61574,1.00,1.00
2014.10.07 17:25:23.265,1.61538,1.61573,1.00,1.00
2014.10.07 17:25:24.805,1.61539,1.61573,1.00,1.00
2014.10.07 17:25:26.746,1.61538,1.61573,1.00,1.00
2014.10.07 17:25:27.178,1.61542,1.61573,1.00,1.00
2014.10.07 17:25:28.280,1.61539,1.61564,1.00,1.00
2014.10.07 17:25:28.381,1.61539,1.61566,1.00,1.00
2014.10.07 17:25:28.636,1.61533,1.61566,1.00,1.00
2014.10.07 17:25:28.686,1.61533,1.61561,1.00,1.00
2014.10.07 17:25:28.737,1.61525,1.61556,1.00,1.00
2014.10.07 17:25:28.889,1.61525,1.6156,1.00,1.00
2014.10.07 17:25:28.940,1.61525,1.61557,1.00,1.00
2014.10.07 17:25:29.092,1.61521,1.61561,1.00,1.00
2014.10.07 17:25:29.344,1.61519,1.61556,1.50,1.00
2014.10.07 17:25:29.848,1.61517,1.61555,1.00,1.00
2014.10.07 17:25:30.050,1.61515,1.61551,1.00,2.10
2014.10.07 17:25:30.496,1.61513,1.61547,1.00,2.10
2014.10.07 17:25:30.781,1.61515,1.61546,1.00,1.35
2014.10.07 17:25:31.302,1.6152,1.61547,1.00,1.60
2014.10.07 17:25:32.129,1.6152,1.61556,1.00,1.00
2014.10.07 17:25:32.351,1.6152,1.61556,1.00,3.60
2014.10.07 17:25:32.603,1.6152,1.61556,1.00,1.00
2014.10.07 17:25:33.289,1.6152,1.61547,1.00,1.00
2014.10.07 17:25:33.390,1.61514,1.61547,1.00,1.60
2014.10.07 17:25:33.491,1.61512,1.61547,1.00,1.60
2014.10.07 17:25:33.592,1.61516,1.61542,1.00,1.00
2014.10.07 17:25:33.895,1.61518,1.61556,1.00,1.00
2014.10.07 17:25:34.699,1.61515,1.61552,1.00,1.00
2014.10.07 17:25:35.001,1.61515,1.61547,1.00,1.00
2014.10.07 17:25:35.316,1.61518,1.61546,1.00,1.00
2014.10.07 17:25:37.205,1.61521,1.61546,1.00,1.00
2014.10.07 17:25:37.307,1.61513,1.61546,1.00,2.10
2014.10.07 17:25:37.408,1.6151,1.61544,1.00,1.60
2014.10.07 17:25:37.760,1.61507,1.61544,1.00,1.60
2014.10.07 17:25:39.934,1.61507,1.61536,1.00,1.00
2014.10.07 17:25:40.548,1.61507,1.61537,1.00,1.00
2014.10.07 17:25:42.077,1.61507,1.61537,1.00,1.60
2014.10.07 17:25:42.128,1.61499,1.61536,1.50,1.60
2014.10.07 17:25:42.229,1.61499,1.61526,1.00,1.00
2014.10.07 17:25:42.280,1.61497,1.61526,1.00,1.00
2014.10.07 17:25:42.423,1.615,1.61526,1.00,1.00
2014.10.07 17:25:42.575,1.615,1.61534,1.00,1.35
2014.10.07 17:25:45.110,1.61503,1.61537,1.00,2.10
2014.10.07 17:25:47.269,1.615,1.61536,1.00,1.60
2014.10.07 17:25:48.449,1.61503,1.61537,1.00,1.60
2014.10.07 17:25:48.650,1.61501,1.61539,1.00,2.10
2014.10.07 17:25:49.136,1.61503,1.61536,1.00,1.60
2014.10.07 17:25:51.598,1.61503,1.61537,1.00,1.00
2014.10.07 17:25:51.850,1.61503,1.61537,1.00,1.60
2014.10.07 17:25:57.366,1.61504,1.61536,1.00,1.60
2014.10.07 17:25:57.568,1.61497,1.61534,1.50,1.60
2014.10.07 17:25:57.669,1.61506,1.61537,1.00,2.85
2014.10.07 17:25:57.871,1.61506,1.61538,1.00,1.00
2014.10.07 17:25:57.972,1.61506,1.6154,1.00,1.00
2014.10.07 17:25:58.123,1.61511,1.6154,1.00,1.00
2014.10.07 17:25:58.275,1.61514,1.6155,1.00,1.50
2014.10.07 17:25:58.375,1.61518,1.61547,1.00,1.00
2014.10.07 17:25:58.919,1.61518,1.61554,1.00,1.60
2014.10.07 17:25:59.437,1.61517,1.61554,1.00,1.60
2014.10.07 17:26:02.089,1.61516,1.61547,1.00,1.00
2014.10.07 17:26:02.189,1.61514,1.61547,1.50,1.00
2014.10.07 17:26:02.643,1.61516,1.61547,1.00,1.00
2014.10.07 17:26:03.145,1.61515,1.61547,1.00,1.00
2014.10.07 17:26:06.805,1.61515,1.61543,1.00,1.00
2014.10.07 17:26:07.007,1.61513,1.61543,1.00,1.00
2014.10.07 17:26:07.108,1.61513,1.61546,1.00,1.00
2014.10.07 17:26:07.259,1.61511,1.61546,1.00,1.00
2014.10.07 17:26:07.310,1.61511,1.61542,1.00,1.00
2014.10.07 17:26:07.411,1.61511,1.61546,1.00,1.00
2014.10.07 17:26:08.048,1.61512,1.61546,1.00,1.00
2014.10.07 17:26:08.639,1.61513,1.61546,1.00,1.00
2014.10.07 17:26:08.740,1.61514,1.61548,1.00,1.00
2014.10.07 17:26:08.854,1.61517,1.61551,1.00,1.00
2014.10.07 17:26:09.157,1.61519,1.61548,1.00,1.00
2014.10.07 17:26:09.208,1.61514,1.61548,1.00,1.00
2014.10.07 17:26:11.244,1.61516,1.6155,1.00,1.00
2014.10.07 17:26:11.551,1.61519,1.61553,1.50,1.00
2014.10.07 17:26:12.293,1.61522,1.61553,1.00,1.00
2014.10.07 17:26:13.259,1.61522,1.61557,1.00,1.00
2014.10.07 17:26:15.526,1.61522,1.61554,1.00,1.00
2014.10.07 17:26:22.135,1.61522,1.61553,1.50,1.00
2014.10.07 17:26:26.744,1.61522,1.61551,1.00,1.00
2014.10.07 17:26:27.752,1.61522,1.61553,1.50,1.00
2014.10.07 17:26:28.149,1.61524,1.61556,1.00,1.00
2014.10.07 17:26:28.250,1.61524,1.61556,1.60,1.00
2014.10.07 17:26:28.552,1.61524,1.61551,1.00,1.00
2014.10.07 17:26:28.603,1.6152,1.61551,1.50,1.00
2014.10.07 17:26:28.654,1.6152,1.61547,1.50,1.00
2014.10.07 17:26:29.326,1.61519,1.61547,1.00,1.00
