2017.03.20 13:00:00.097,1.52709,1.52741,1.00,1.30
2017.03.20 13:00:00.147,1.52705,1.52736,1.37,1.00
2017.03.20 13:00:00.198,1.52708,1.52739,1.00,1.00
2017.03.20 13:00:00.349,1.52724,1.52739,1.00,1.00
2017.03.20 13:00:00.400,1.52724,1.52741,1.00,1.00
2017.03.20 13:00:00.956,1.52723,1.52741,1.00,1.00
2017.03.20 13:00:01.391,1.52713,1.5274,1.00,1.00
2017.03.20 13:00:01.542,1.52714,1.52742,1.00,1.00
2017.03.20 13:00:01.643,1.52714,1.52744,1.50,1.00
2017.03.20 13:00:01.795,1.52724,1.52744,1.00,1.00
2017.03.20 13:00:02.108,1.52714,1.52744,1.50,1.00
2017.03.20 13:00:02.159,1.52714,1.52742,1.00,1.00
2017.03.20 13:00:02.615,1.52723,1.52742,1.00,1.00
2017.03.20 13:00:02.717,1.52713,1.5274,1.00,1.00
2017.03.20 13:00:02.868,1.52714,1.52738,1.00,1.00
2017.03.20 13:00:03.482,1.52713,1.52738,1.00,1.00
2017.03.20 13:00:04.011,1.52714,1.52738,1.00,1.00
2017.03.20 13:00:04.924,1.52713,1.52738,1.00,1.00
2017.03.20 13:00:05.447,1.52714,1.52738,1.00,1.00
2017.03.20 13:00:06.292,1.52714,1.52739,1.00,1.00
2017.03.20 13:00:06.781,1.52714,1.52736,1.00,1.00
2017.03.20 13:00:07.399,1.52713,1.52736,1.00,1.00
2017.03.20 13:00:09.874,1.52704,1.52735,1.50,1.00
2017.03.20 13:00:09.925,1.52704,1.52731,1.00,1.00
2017.03.20 13:00:10.228,1.52704,1.52728,1.00,1.00
2017.03.20 13:00:10.671,1.52704,1.5273,1.00,1.00
2017.03.20 13:00:11.025,1.52703,1.52728,1.00,1.00
2017.03.20 13:00:11.227,1.52704,1.52731,1.00,1.00
2017.03.20 13:00:11.994,1.52703,1.52731,1.00,1.00
2017.03.20 13:00:13.360,1.52714,1.52732,1.00,1.00
2017.03.20 13:00:13.411,1.52714,1.52734,1.00,1.00
2017.03.20 13:00:13.612,1.52703,1.52734,1.00,1.00
2017.03.20 13:00:13.764,1.52714,1.52734,1.00,1.00
2017.03.20 13:00:13.865,1.52704,1.52734,1.50,1.00
2017.03.20 13:00:13.915,1.52707,1.52737,1.00,1.00
2017.03.20 13:00:14.217,1.52714,1.52737,1.00,1.00
2017.03.20 13:00:14.861,1.52707,1.52737,1.00,1.00
2017.03.20 13:00:15.063,1.52704,1.52736,1.00,1.00
2017.03.20 13:00:15.165,1.52714,1.52736,1.00,1.00
2017.03.20 13:00:15.676,1.52713,1.52736,1.00,1.00
2017.03.20 13:00:17.623,1.52704,1.52734,1.50,1.00
2017.03.20 13:00:17.926,1.52714,1.52733,1.00,1.50
2017.03.20 13:00:18.368,1.52703,1.52733,1.50,1.00
2017.03.20 13:00:18.418,1.52714,1.52731,1.00,1.00
2017.03.20 13:00:18.930,1.52713,1.5273,1.00,1.00
2017.03.20 13:00:18.981,1.52713,1.52733,1.00,1.00
2017.03.20 13:00:19.082,1.52703,1.52733,1.00,1.00
2017.03.20 13:00:19.328,1.52714,1.52733,1.00,1.00
2017.03.20 13:00:20.582,1.52704,1.52733,1.00,1.00
2017.03.20 13:00:21.116,1.52704,1.52732,1.00,1.00
2017.03.20 13:00:21.419,1.52714,1.52731,1.00,1.00
2017.03.20 13:00:22.844,1.52713,1.5273,1.00,1.00
2017.03.20 13:00:22.945,1.52703,1.52728,1.00,1.00
2017.03.20 13:00:23.651,1.52704,1.52729,1.00,1.00
2017.03.20 13:00:23.826,1.52703,1.52731,1.00,1.50
2017.03.20 13:00:24.213,1.52714,1.52731,1.00,1.50
2017.03.20 13:00:24.566,1.52703,1.52731,1.00,1.00
2017.03.20 13:00:24.617,1.52704,1.52728,1.00,1.00
2017.03.20 13:00:24.940,1.52704,1.52726,1.00,1.00
2017.03.20 13:00:25.441,1.52703,1.52726,1.00,1.00
2017.03.20 13:00:25.492,1.52703,1.52729,1.00,1.00
2017.03.20 13:00:25.593,1.52714,1.52733,1.00,1.00
2017.03.20 13:00:25.694,1.52704,1.52733,1.00,1.00
2017.03.20 13:00:26.199,1.52713,1.52734,1.00,1.00
2017.03.20 13:00:26.501,1.52713,1.52732,1.00,1.00
2017.03.20 13:00:26.602,1.52703,1.52732,1.00,1.00
2017.03.20 13:00:26.748,1.52714,1.52732,1.00,1.00
2017.03.20 13:00:27.061,1.52703,1.52732,1.00,1.00
2017.03.20 13:00:27.690,1.52704,1.52732,1.00,1.00
2017.03.20 13:00:29.175,1.52704,1.52734,1.50,1.00
2017.03.20 13:00:29.450,1.52714,1.52734,1.00,1.00
2017.03.20 13:00:30.594,1.52714,1.52736,1.00,1.00
2017.03.20 13:00:31.372,1.52714,1.52735,1.00,1.00
2017.03.20 13:00:31.684,1.52705,1.52735,1.00,1.00
2017.03.20 13:00:33.566,1.52703,1.52735,1.00,1.00
2017.03.20 13:00:36.349,1.52713,1.52736,1.00,1.00
2017.03.20 13:00:36.933,1.52714,1.52736,1.00,1.00
2017.03.20 13:00:38.094,1.52714,1.52734,1.00,1.00
2017.03.20 13:00:38.688,1.52714,1.52735,1.00,1.00
2017.03.20 13:00:39.213,1.52714,1.52737,1.00,1.00
2017.03.20 13:00:39.373,1.52713,1.52735,1.00,1.00
2017.03.20 13:00:40.168,1.52713,1.52736,1.00,1.00
2017.03.20 13:00:41.155,1.52713,1.52737,1.00,1.00
2017.03.20 13:00:41.256,1.52704,1.52736,1.00,1.00
2017.03.20 13:00:41.508,1.52714,1.52735,1.00,1.00
2017.03.20 13:00:42.826,1.52714,1.52733,1.00,1.00
2017.03.20 13:00:44.067,1.52713,1.52733,1.00,1.00
2017.03.20 13:00:44.561,1.52713,1.52735,1.00,1.00
2017.03.20 13:00:44.612,1.52713,1.52731,1.00,1.00
2017.03.20 13:00:45.028,1.52701,1.52731,1.00,1.00
2017.03.20 13:00:45.200,1.52713,1.52731,1.00,1.00
2017.03.20 13:00:47.179,1.52714,1.52731,1.00,1.00
2017.03.20 13:00:48.608,1.52713,1.52731,1.00,1.00
2017.03.20 13:00:49.493,1.52704,1.52731,1.00,1.00
2017.03.20 13:00:49.594,1.52704,1.52728,1.00,1.00
2017.03.20 13:00:50.321,1.52704,1.5273,1.00,1.00
2017.03.20 13:00:50.747,1.52703,1.52728,1.00,1.00
2017.03.20 13:00:51.799,1.52714,1.52728,1.00,1.00
2017.03.20 13:00:51.849,1.52713,1.52734,1.00,1.00
2017.03.20 13:00:51.950,1.52713,1.52739,1.00,1.00
2017.03.20 13:00:52.001,1.52715,1.52743,1.00,1.50
2017.03.20 13:00:52.203,1.52715,1.52745,1.00,1.00
2017.03.20 13:00:53.314,1.52724,1.52745,1.00,1.00
2017.03.20 13:00:53.829,1.52724,1.52743,1.00,1.00
2017.03.20 13:00:54.189,1.52713,1.5274,1.00,1.00
2017.03.20 13:00:54.660,1.52708,1.5274,1.12,1.00
2017.03.20 13:00:54.761,1.52723,1.5274,1.00,1.00
2017.03.20 13:00:54.912,1.52714,1.5274,1.00,1.00
2017.03.20 13:00:55.013,1.52724,1.5274,1.00,1.00
2017.03.20 13:00:55.423,1.52713,1.5274,1.00,1.00
2017.03.20 13:00:55.574,1.52724,1.5274,1.00,1.00
2017.03.20 13:00:55.956,1.52714,1.5274,1.00,1.00
2017.03.20 13:00:56.109,1.52724,1.5274,1.00,1.00
2017.03.20 13:00:56.210,1.52714,1.5274,1.00,1.00
2017.03.20 13:00:56.261,1.52714,1.52736,1.00,1.00
2017.03.20 13:00:56.312,1.52714,1.52739,1.00,1.00
2017.03.20 13:00:56.363,1.52724,1.52742,1.00,1.00
2017.03.20 13:00:56.666,1.52724,1.52739,1.00,1.00
2017.03.20 13:00:56.818,1.52713,1.52741,1.00,1.00
2017.03.20 13:00:56.919,1.52713,1.52739,1.00,1.00
2017.03.20 13:00:57.191,1.52713,1.52742,1.00,1.00
2017.03.20 13:00:57.293,1.52713,1.52736,1.00,1.00
2017.03.20 13:00:57.344,1.52706,1.52736,1.00,1.00
2017.03.20 13:00:57.395,1.52708,1.5274,1.00,1.00
2017.03.20 13:00:57.445,1.52713,1.5274,1.00,1.00
2017.03.20 13:00:57.782,1.52713,1.52738,1.00,1.00
2017.03.20 13:00:58.336,1.52713,1.52737,1.00,1.00
2017.03.20 13:00:58.658,1.52713,1.52735,1.00,1.00
2017.03.20 13:00:59.264,1.52714,1.52736,1.00,1.00
2017.03.20 13:00:59.600,1.52714,1.52734,1.00,1.00
2017.03.20 13:00:59.910,1.52704,1.52732,1.00,1.00
2017.03.20 13:00:59.961,1.52703,1.52729,1.00,1.00
2017.03.20 13:01:00.227,1.52696,1.52726,1.00,1.00
2017.03.20 13:01:00.379,1.52704,1.52726,1.00,1.00
2017.03.20 13:01:00.904,1.52703,1.52726,1.00,1.00
2017.03.20 13:01:00.954,1.52703,1.52728,1.00,1.00
2017.03.20 13:01:01.005,1.52703,1.52726,1.00,1.00
2017.03.20 13:01:01.257,1.52703,1.52728,1.00,1.00
2017.03.20 13:01:01.519,1.52704,1.52724,1.00,1.00
2017.03.20 13:01:01.772,1.52693,1.52723,1.00,1.00
2017.03.20 13:01:02.292,1.52694,1.52721,1.00,1.00
2017.03.20 13:01:02.650,1.52703,1.52722,1.00,1.00
2017.03.20 13:01:03.156,1.52703,1.52724,1.00,1.50
2017.03.20 13:01:03.257,1.52693,1.52724,1.00,1.00
2017.03.20 13:01:03.711,1.52694,1.52726,1.00,1.00
2017.03.20 13:01:04.279,1.52694,1.52725,1.00,1.00
2017.03.20 13:01:04.684,1.52693,1.52723,1.50,1.00
2017.03.20 13:01:04.987,1.52694,1.52721,1.00,1.00
2017.03.20 13:01:05.491,1.52694,1.52722,1.00,1.00
2017.03.20 13:01:05.960,1.52703,1.52721,1.00,1.00
2017.03.20 13:01:06.321,1.52693,1.5272,1.00,1.00
2017.03.20 13:01:08.090,1.52693,1.52721,1.00,1.00
2017.03.20 13:01:14.118,1.52693,1.52723,1.00,1.00
2017.03.20 13:01:14.970,1.52693,1.52718,1.00,1.00
2017.03.20 13:01:15.272,1.52693,1.52715,1.00,1.00
2017.03.20 13:01:16.162,1.52686,1.52716,1.00,1.00
2017.03.20 13:01:16.263,1.52687,1.52719,1.00,1.00
2017.03.20 13:01:16.414,1.52694,1.52719,1.00,1.00
2017.03.20 13:01:16.877,1.52688,1.5272,1.00,1.00
2017.03.20 13:01:16.978,1.52694,1.5272,1.00,1.00
2017.03.20 13:01:17.280,1.52694,1.52712,1.00,1.00
2017.03.20 13:01:18.225,1.52694,1.5271,1.00,1.00
2017.03.20 13:01:18.750,1.52694,1.52711,1.00,1.00
2017.03.20 13:01:20.016,1.52684,1.52711,1.00,1.00
2017.03.20 13:01:20.533,1.52684,1.52712,1.00,1.00
2017.03.20 13:01:20.948,1.52684,1.52714,1.00,1.00
2017.03.20 13:01:21.573,1.52683,1.52714,1.00,1.00
2017.03.20 13:01:22.092,1.52684,1.52714,1.00,1.00
2017.03.20 13:01:23.029,1.52684,1.52715,1.00,1.00
2017.03.20 13:01:23.559,1.52684,1.52714,1.00,1.00
2017.03.20 13:01:23.941,1.52684,1.52714,1.00,1.60
2017.03.20 13:01:24.362,1.52684,1.52707,1.00,1.00
2017.03.20 13:01:24.664,1.52684,1.52702,1.00,1.00
2017.03.20 13:01:24.816,1.52673,1.52702,1.00,1.00
2017.03.20 13:01:24.967,1.52684,1.52702,1.00,1.00
2017.03.20 13:01:25.118,1.52674,1.52702,1.00,1.00
2017.03.20 13:01:25.274,1.52674,1.52697,1.00,1.00
2017.03.20 13:01:25.627,1.52674,1.52695,1.00,1.00
2017.03.20 13:01:25.929,1.52674,1.52693,1.00,1.00
2017.03.20 13:01:25.980,1.52674,1.52697,1.00,1.00
2017.03.20 13:01:26.251,1.52674,1.52695,1.00,1.00
2017.03.20 13:01:26.757,1.52673,1.52694,1.00,1.00
2017.03.20 13:01:27.226,1.52674,1.52696,1.00,1.00
2017.03.20 13:01:27.378,1.52674,1.52694,1.00,1.00
2017.03.20 13:01:27.529,1.52674,1.52696,1.00,1.00
2017.03.20 13:01:27.732,1.52673,1.52699,1.00,1.00
2017.03.20 13:01:27.919,1.52667,1.52699,1.00,1.00
2017.03.20 13:01:28.120,1.52674,1.527,1.00,1.00
2017.03.20 13:01:28.458,1.52673,1.52698,1.00,1.00
2017.03.20 13:01:28.962,1.52674,1.52698,1.00,1.00
2017.03.20 13:01:29.557,1.52673,1.52698,1.00,1.00
2017.03.20 13:01:29.868,1.52673,1.52696,1.00,1.00
2017.03.20 13:01:30.204,1.52674,1.52694,1.00,1.00
2017.03.20 13:01:30.305,1.52667,1.52694,1.00,1.00
2017.03.20 13:01:30.356,1.52664,1.52694,1.00,1.00
2017.03.20 13:01:30.543,1.52674,1.52694,1.00,1.00
2017.03.20 13:01:30.834,1.52674,1.52696,1.00,1.00
2017.03.20 13:01:31.372,1.52673,1.52696,1.00,1.00
2017.03.20 13:01:31.648,1.52674,1.52694,1.00,1.00
2017.03.20 13:01:32.258,1.52674,1.52695,1.00,1.00
2017.03.20 13:01:32.573,1.52674,1.52692,1.00,1.00
2017.03.20 13:01:33.041,1.52663,1.52688,1.00,1.00
2017.03.20 13:01:33.545,1.52663,1.52687,1.00,1.00
2017.03.20 13:01:34.062,1.52663,1.52686,1.00,1.00
2017.03.20 13:01:34.284,1.52663,1.52689,1.00,1.00
2017.03.20 13:01:34.687,1.52673,1.5269,1.00,1.00
2017.03.20 13:01:35.433,1.52673,1.52689,1.00,1.00
2017.03.20 13:01:36.085,1.52673,1.52693,1.00,1.00
2017.03.20 13:01:36.337,1.52663,1.52692,1.00,1.00
2017.03.20 13:01:36.438,1.52663,1.52689,1.00,1.00
2017.03.20 13:01:36.741,1.52673,1.52689,1.00,1.00
2017.03.20 13:01:36.958,1.52663,1.52692,1.00,1.00
2017.03.20 13:01:37.211,1.52673,1.52693,1.00,1.00
2017.03.20 13:01:37.261,1.52664,1.52693,1.00,1.00
2017.03.20 13:01:37.513,1.52674,1.52693,1.00,1.00
2017.03.20 13:01:38.023,1.52674,1.52694,1.00,1.00
2017.03.20 13:01:39.303,1.52673,1.52695,1.00,1.00
2017.03.20 13:01:39.354,1.52673,1.52698,1.00,1.00
2017.03.20 13:01:39.455,1.5267,1.527,1.00,1.37
2017.03.20 13:01:39.656,1.52674,1.527,1.00,1.00
2017.03.20 13:01:40.108,1.52674,1.52703,1.00,1.00
2017.03.20 13:01:40.275,1.52674,1.527,1.00,1.00
2017.03.20 13:01:40.578,1.52674,1.52703,1.00,1.00
2017.03.20 13:01:40.779,1.52674,1.52704,1.87,1.00
2017.03.20 13:01:40.830,1.52674,1.52704,1.87,1.00
2017.03.20 13:01:40.981,1.52684,1.52704,1.00,1.00
2017.03.20 13:01:41.545,1.52684,1.52705,1.00,1.00
2017.03.20 13:01:42.116,1.52683,1.52705,1.00,1.00
2017.03.20 13:01:42.181,1.52683,1.52707,1.00,1.00
2017.03.20 13:01:42.282,1.52683,1.5271,1.00,1.00
2017.03.20 13:01:43.495,1.52684,1.5271,1.00,1.00
2017.03.20 13:01:43.547,1.52683,1.52706,1.00,1.00
2017.03.20 13:01:43.598,1.52683,1.5271,1.00,1.00
2017.03.20 13:01:43.649,1.52684,1.52711,1.50,1.00
2017.03.20 13:01:43.700,1.52691,1.52716,1.12,1.00
2017.03.20 13:01:43.750,1.52693,1.52717,1.00,1.00
2017.03.20 13:01:43.801,1.52693,1.52721,1.00,1.95
2017.03.20 13:01:43.852,1.52693,1.52723,1.00,1.00
2017.03.20 13:01:44.003,1.52704,1.52723,1.00,1.00
2017.03.20 13:01:44.616,1.52704,1.52722,1.00,1.00
2017.03.20 13:01:45.080,1.52693,1.52716,1.00,1.00
2017.03.20 13:01:45.730,1.52694,1.52716,1.00,1.00
2017.03.20 13:01:46.241,1.52693,1.52716,1.00,1.00
2017.03.20 13:01:46.712,1.52693,1.52713,1.00,1.00
2017.03.20 13:01:47.260,1.52693,1.52715,1.00,1.00
2017.03.20 13:01:47.539,1.52681,1.52715,1.00,1.00
2017.03.20 13:01:47.641,1.52694,1.52715,1.00,1.00
2017.03.20 13:01:48.520,1.52684,1.52706,1.00,1.00
2017.03.20 13:01:48.571,1.52684,1.52704,1.00,1.00
2017.03.20 13:01:48.874,1.52684,1.52701,1.00,1.00
2017.03.20 13:01:49.043,1.52674,1.52701,1.00,1.00
2017.03.20 13:01:49.618,1.52684,1.52701,1.00,1.00
2017.03.20 13:01:50.133,1.52674,1.52701,1.00,1.00
2017.03.20 13:01:50.833,1.52674,1.52698,1.00,1.00
2017.03.20 13:01:51.163,1.52674,1.52695,1.00,1.00
2017.03.20 13:01:51.214,1.52674,1.527,1.00,1.12
2017.03.20 13:01:51.497,1.52673,1.52695,1.00,1.37
2017.03.20 13:01:51.598,1.52663,1.52695,1.00,1.00
2017.03.20 13:01:51.850,1.52674,1.52695,1.00,1.00
2017.03.20 13:01:52.364,1.52673,1.52695,1.00,1.00
2017.03.20 13:01:52.677,1.52673,1.52693,1.00,1.00
2017.03.20 13:01:53.563,1.52674,1.52693,1.00,1.00
2017.03.20 13:01:53.676,1.52674,1.52696,1.00,1.00
2017.03.20 13:01:54.578,1.52674,1.52694,1.00,1.00
2017.03.20 13:01:54.629,1.52664,1.52694,1.00,1.00
2017.03.20 13:01:54.878,1.52674,1.52693,1.00,1.00
2017.03.20 13:01:54.933,1.52665,1.52698,1.00,1.00
2017.03.20 13:01:55.034,1.52674,1.527,1.00,1.00
2017.03.20 13:01:55.554,1.52674,1.52701,1.00,1.00
2017.03.20 13:01:56.115,1.52674,1.52696,1.00,1.00
2017.03.20 13:01:56.267,1.52664,1.52694,1.00,1.00
2017.03.20 13:01:56.569,1.52673,1.52693,1.00,1.00
2017.03.20 13:01:56.734,1.52663,1.52693,1.00,1.00
2017.03.20 13:01:56.785,1.52663,1.52696,1.00,1.00
2017.03.20 13:01:56.836,1.52673,1.52696,1.00,1.00
2017.03.20 13:01:57.037,1.52664,1.52693,1.00,1.00
2017.03.20 13:01:57.138,1.52674,1.527,1.00,1.00
2017.03.20 13:01:57.290,1.52674,1.52703,1.00,1.00
2017.03.20 13:01:57.341,1.52674,1.52699,1.00,1.00
2017.03.20 13:01:57.854,1.52674,1.52699,1.00,1.37
2017.03.20 13:01:57.955,1.52663,1.52699,1.00,1.37
2017.03.20 13:01:58.056,1.52664,1.52699,1.00,1.12
2017.03.20 13:01:58.262,1.52673,1.52698,1.00,1.12
2017.03.20 13:01:59.212,1.52673,1.527,1.00,1.00
2017.03.20 13:01:59.313,1.52666,1.52704,1.75,1.00
2017.03.20 13:01:59.364,1.52673,1.52704,1.00,1.00
2017.03.20 13:01:59.515,1.52661,1.527,1.95,1.00
2017.03.20 13:01:59.566,1.52667,1.52701,1.00,1.00
2017.03.20 13:01:59.887,1.52673,1.52699,1.00,1.00
2017.03.20 13:02:00.414,1.52674,1.52698,1.00,1.00
2017.03.20 13:02:00.915,1.52673,1.52698,1.00,1.00
2017.03.20 13:02:01.016,1.52673,1.527,1.00,1.00
2017.03.20 13:02:01.067,1.52673,1.52702,1.00,1.50
2017.03.20 13:02:01.169,1.52684,1.52704,1.00,1.00
2017.03.20 13:02:01.339,1.52668,1.52704,1.00,1.00
2017.03.20 13:02:01.391,1.52672,1.52706,1.37,1.00
2017.03.20 13:02:01.441,1.52668,1.52706,1.12,1.00
2017.03.20 13:02:01.575,1.52673,1.52704,1.00,1.00
2017.03.20 13:02:02.081,1.52674,1.52703,1.00,1.00
2017.03.20 13:02:02.183,1.52673,1.52705,1.00,1.12
2017.03.20 13:02:02.668,1.52683,1.52706,1.00,1.00
2017.03.20 13:02:02.874,1.52674,1.52706,1.00,2.25
2017.03.20 13:02:03.100,1.52675,1.52707,1.37,1.00
2017.03.20 13:02:03.352,1.52675,1.5271,1.00,1.00
2017.03.20 13:02:03.453,1.52683,1.52711,1.00,1.50
2017.03.20 13:02:03.755,1.52684,1.52709,1.00,1.87
2017.03.20 13:02:04.069,1.52684,1.52706,1.00,1.50
2017.03.20 13:02:04.372,1.52684,1.52704,1.00,1.00
2017.03.20 13:02:05.088,1.52684,1.52706,1.00,1.50
2017.03.20 13:02:05.932,1.52684,1.52704,1.00,1.00
2017.03.20 13:02:06.115,1.52673,1.52704,1.00,1.00
2017.03.20 13:02:06.646,1.52674,1.52708,1.00,2.25
2017.03.20 13:02:06.697,1.52676,1.52708,1.00,1.50
2017.03.20 13:02:06.949,1.52674,1.52708,1.00,1.00
2017.03.20 13:02:07.000,1.52676,1.5271,1.00,1.00
2017.03.20 13:02:07.310,1.52683,1.52711,1.00,1.12
2017.03.20 13:02:08.019,1.52683,1.52709,1.00,1.00
2017.03.20 13:02:09.062,1.52677,1.52709,1.00,1.00
2017.03.20 13:02:09.113,1.52677,1.52713,1.37,2.25
2017.03.20 13:02:09.163,1.52683,1.52713,1.00,1.87
2017.03.20 13:02:09.361,1.52675,1.52708,1.00,1.00
2017.03.20 13:02:09.462,1.52684,1.52712,1.00,2.25
2017.03.20 13:02:09.796,1.52684,1.5271,1.00,1.50
2017.03.20 13:02:10.448,1.52684,1.52711,1.00,1.00
2017.03.20 13:02:10.924,1.52684,1.52708,1.00,1.00
2017.03.20 13:02:11.247,1.52674,1.52708,1.00,1.00
2017.03.20 13:02:11.348,1.52674,1.52706,1.00,1.00
2017.03.20 13:02:11.671,1.52683,1.52705,1.00,1.00
2017.03.20 13:02:11.721,1.52674,1.52709,1.00,1.50
2017.03.20 13:02:11.865,1.52683,1.5271,1.00,1.95
2017.03.20 13:02:12.167,1.52673,1.52698,1.00,1.00
2017.03.20 13:02:12.218,1.52674,1.52701,1.00,1.00
2017.03.20 13:02:12.722,1.52674,1.52698,1.00,1.00
2017.03.20 13:02:13.240,1.52673,1.52697,1.00,1.00
2017.03.20 13:02:13.542,1.52664,1.5269,1.00,1.00
2017.03.20 13:02:13.794,1.52664,1.52692,1.00,1.00
2017.03.20 13:02:13.845,1.52673,1.52692,1.00,1.00
2017.03.20 13:02:14.225,1.52664,1.52692,1.00,1.00
2017.03.20 13:02:14.326,1.52664,1.52695,1.00,1.00
2017.03.20 13:02:14.376,1.52664,1.52691,1.00,1.00
2017.03.20 13:02:15.645,1.52664,1.52691,1.00,1.37
2017.03.20 13:02:16.148,1.52663,1.52689,1.00,1.00
2017.03.20 13:02:16.314,1.52654,1.52689,1.00,1.00
2017.03.20 13:02:16.364,1.52656,1.52689,1.00,1.00
2017.03.20 13:02:16.667,1.52664,1.52696,1.00,1.00
2017.03.20 13:02:16.718,1.52664,1.52698,1.00,1.00
2017.03.20 13:02:16.981,1.52674,1.52698,1.00,1.00
2017.03.20 13:02:17.082,1.52664,1.52698,1.00,1.00
2017.03.20 13:02:17.334,1.52673,1.52698,1.00,1.00
2017.03.20 13:02:17.536,1.52673,1.527,1.00,1.00
2017.03.20 13:02:17.738,1.52663,1.52698,1.50,1.00
2017.03.20 13:02:17.839,1.52663,1.52696,1.00,1.00
2017.03.20 13:02:18.169,1.52663,1.52692,1.00,3.82
2017.03.20 13:02:18.706,1.52663,1.52689,1.00,1.00
2017.03.20 13:02:19.230,1.52663,1.5269,1.00,2.25
2017.03.20 13:02:19.620,1.52654,1.52689,1.00,1.00
2017.03.20 13:02:19.721,1.52654,1.52691,2.25,1.50
2017.03.20 13:02:19.772,1.52664,1.52692,1.00,1.00
2017.03.20 13:02:19.822,1.52664,1.52694,1.00,1.00
2017.03.20 13:02:20.025,1.52663,1.52696,1.00,1.50
2017.03.20 13:02:20.247,1.52663,1.52698,1.00,1.00
2017.03.20 13:02:20.299,1.52673,1.52698,1.00,1.00
2017.03.20 13:02:20.399,1.52664,1.52696,1.00,1.00
2017.03.20 13:02:20.569,1.52664,1.52698,1.00,1.00
2017.03.20 13:02:20.854,1.52664,1.52696,1.00,1.00
2017.03.20 13:02:21.358,1.52674,1.52697,1.00,1.50
2017.03.20 13:02:21.838,1.52664,1.52694,1.00,1.00
2017.03.20 13:02:21.889,1.52664,1.52696,1.00,1.50
2017.03.20 13:02:22.093,1.52664,1.52693,1.00,1.00
2017.03.20 13:02:22.417,1.52659,1.52689,1.00,1.00
2017.03.20 13:02:22.468,1.52658,1.52694,1.00,1.87
2017.03.20 13:02:22.519,1.52664,1.52695,1.00,1.50
2017.03.20 13:02:22.821,1.52663,1.52697,1.00,1.50
2017.03.20 13:02:22.872,1.52673,1.52697,1.00,1.00
2017.03.20 13:02:23.174,1.52663,1.52693,1.00,1.00
2017.03.20 13:02:23.317,1.52663,1.52691,1.00,1.00
2017.03.20 13:02:23.619,1.52663,1.52689,1.00,1.00
2017.03.20 13:02:24.326,1.52664,1.52689,1.00,2.25
2017.03.20 13:02:24.753,1.52664,1.52685,1.00,1.00
2017.03.20 13:02:25.303,1.52663,1.52683,1.00,1.00
2017.03.20 13:02:25.404,1.52654,1.52682,1.00,1.00
2017.03.20 13:02:25.799,1.52655,1.52685,1.00,1.00
2017.03.20 13:02:25.850,1.52664,1.52685,1.00,1.00
2017.03.20 13:02:25.901,1.52663,1.52692,1.00,1.37
2017.03.20 13:02:25.952,1.52654,1.52693,1.00,1.50
2017.03.20 13:02:26.003,1.52658,1.52693,1.00,1.00
2017.03.20 13:02:26.306,1.52674,1.527,1.00,1.00
2017.03.20 13:02:26.457,1.52664,1.527,1.12,1.00
2017.03.20 13:02:26.559,1.52674,1.527,1.00,1.00
2017.03.20 13:02:26.887,1.52674,1.52698,1.00,1.00
2017.03.20 13:02:27.345,1.52673,1.52696,1.00,1.00
2017.03.20 13:02:27.739,1.52674,1.52699,1.00,2.25
2017.03.20 13:02:27.891,1.52674,1.52701,1.00,1.50
2017.03.20 13:02:28.098,1.52673,1.52697,1.00,1.00
2017.03.20 13:02:28.675,1.52673,1.52699,1.00,1.00
2017.03.20 13:02:29.061,1.52674,1.52701,1.00,2.25
2017.03.20 13:02:29.112,1.52674,1.52697,1.00,1.00
2017.03.20 13:02:29.760,1.52674,1.52696,1.00,1.00
2017.03.20 13:02:30.042,1.52674,1.52698,1.00,1.00
2017.03.20 13:02:30.345,1.52683,1.52697,1.00,1.00
2017.03.20 13:02:30.395,1.52673,1.52695,1.00,1.00
2017.03.20 13:02:30.603,1.52684,1.52698,1.00,1.00
2017.03.20 13:02:31.013,1.52674,1.52698,1.00,1.00
2017.03.20 13:02:31.267,1.52684,1.52697,1.00,1.00
2017.03.20 13:02:32.301,1.52673,1.527,1.00,1.00
2017.03.20 13:02:32.453,1.52684,1.527,1.00,1.00
2017.03.20 13:02:33.157,1.52684,1.52701,1.00,1.00
2017.03.20 13:02:33.679,1.52684,1.52702,1.00,1.00
2017.03.20 13:02:34.197,1.52684,1.52701,1.00,1.00
2017.03.20 13:02:34.409,1.52684,1.52703,1.00,1.00
2017.03.20 13:02:34.510,1.52684,1.52701,1.00,1.00
2017.03.20 13:02:34.950,1.52684,1.52699,1.00,1.00
2017.03.20 13:02:35.486,1.52683,1.52699,1.00,1.00
2017.03.20 13:02:35.537,1.52674,1.52699,1.00,1.00
2017.03.20 13:02:35.796,1.52684,1.52699,1.00,1.00
2017.03.20 13:02:36.850,1.52684,1.52694,1.00,1.00
2017.03.20 13:02:36.951,1.52673,1.52691,1.00,1.00
2017.03.20 13:02:37.203,1.52674,1.52689,1.00,1.00
2017.03.20 13:02:37.254,1.52664,1.52689,1.00,1.00
2017.03.20 13:02:37.858,1.52664,1.52688,1.00,1.00
2017.03.20 13:02:38.303,1.52664,1.52686,1.00,1.00
2017.03.20 13:02:39.440,1.52664,1.52687,1.00,1.00
2017.03.20 13:02:39.642,1.52654,1.52683,1.00,1.00
2017.03.20 13:02:39.693,1.52656,1.52688,1.12,1.50
2017.03.20 13:02:39.743,1.52663,1.52688,1.00,1.00
2017.03.20 13:02:40.055,1.52664,1.52684,1.00,1.00
2017.03.20 13:02:40.357,1.52664,1.52686,1.00,1.00
2017.03.20 13:02:41.357,1.52664,1.52685,1.00,1.00
2017.03.20 13:02:44.297,1.52664,1.52684,1.00,1.00
2017.03.20 13:02:46.035,1.52653,1.52682,1.00,1.00
2017.03.20 13:02:46.136,1.52663,1.52682,1.00,1.00
2017.03.20 13:02:47.486,1.52664,1.52682,1.00,1.00
2017.03.20 13:02:47.996,1.52663,1.52681,1.00,1.00
2017.03.20 13:02:50.169,1.52663,1.52684,1.00,1.00
2017.03.20 13:02:50.220,1.52664,1.52686,1.00,1.00
2017.03.20 13:02:50.401,1.52664,1.52688,1.00,1.00
2017.03.20 13:02:50.452,1.52664,1.52692,1.00,1.50
2017.03.20 13:02:50.655,1.52673,1.52691,1.00,1.00
2017.03.20 13:02:50.908,1.52664,1.52693,1.00,1.00
2017.03.20 13:02:51.168,1.52674,1.52693,1.00,1.00
2017.03.20 13:02:51.571,1.52674,1.52697,1.00,1.00
2017.03.20 13:02:52.171,1.52673,1.52697,1.00,1.00
2017.03.20 13:02:58.837,1.52673,1.52696,1.00,1.00
2017.03.20 13:03:00.004,1.52673,1.52697,1.00,1.00
2017.03.20 13:03:00.525,1.52673,1.52696,1.00,1.00
2017.03.20 13:03:00.873,1.52673,1.52698,1.00,1.00
2017.03.20 13:03:01.347,1.52673,1.52695,1.00,1.00
2017.03.20 13:03:01.700,1.52674,1.52693,1.00,1.00
2017.03.20 13:03:02.215,1.52674,1.52694,1.00,1.00
2017.03.20 13:03:02.265,1.52674,1.52697,1.00,1.50
2017.03.20 13:03:02.417,1.52674,1.52699,1.00,1.00
2017.03.20 13:03:02.971,1.52674,1.52698,1.00,1.00
2017.03.20 13:03:03.216,1.52674,1.52695,1.00,1.00
2017.03.20 13:03:04.705,1.52674,1.52698,1.00,1.00
2017.03.20 13:03:06.799,1.52673,1.52697,1.00,1.00
2017.03.20 13:03:06.850,1.52664,1.52694,1.50,1.00
2017.03.20 13:03:06.901,1.52664,1.52692,1.00,1.00
2017.03.20 13:03:07.279,1.52664,1.52689,1.00,1.00
2017.03.20 13:03:07.480,1.52664,1.52691,1.00,1.50
2017.03.20 13:03:07.682,1.52673,1.52693,1.00,1.50
2017.03.20 13:03:07.783,1.52673,1.52695,1.00,1.50
2017.03.20 13:03:07.986,1.52673,1.52693,1.00,1.00
2017.03.20 13:03:08.339,1.52674,1.52691,1.00,1.00
2017.03.20 13:03:08.754,1.52674,1.52694,1.00,1.00
2017.03.20 13:03:09.273,1.52673,1.52694,1.00,1.50
2017.03.20 13:03:09.324,1.52664,1.52693,1.00,1.00
2017.03.20 13:03:09.425,1.52663,1.52691,1.00,1.00
2017.03.20 13:03:09.526,1.52664,1.52693,1.00,1.00
2017.03.20 13:03:09.577,1.52665,1.52695,1.00,1.00
2017.03.20 13:03:09.729,1.52663,1.52687,1.00,1.00
2017.03.20 13:03:10.154,1.52664,1.52684,1.00,1.00
2017.03.20 13:03:10.726,1.52663,1.52684,1.00,1.00
2017.03.20 13:03:11.211,1.52663,1.52681,1.00,1.00
2017.03.20 13:03:11.262,1.52654,1.52681,1.12,1.00
2017.03.20 13:03:11.363,1.52663,1.52688,1.00,1.00
2017.03.20 13:03:11.984,1.52663,1.52689,1.00,1.00
2017.03.20 13:03:12.314,1.52674,1.52691,1.00,1.00
2017.03.20 13:03:12.516,1.52664,1.52691,1.00,1.00
2017.03.20 13:03:12.616,1.52674,1.52691,1.00,1.50
2017.03.20 13:03:12.667,1.52664,1.5269,1.00,1.00
2017.03.20 13:03:12.718,1.52664,1.52687,1.00,1.00
2017.03.20 13:03:13.021,1.52664,1.52682,1.00,1.00
2017.03.20 13:03:13.769,1.52664,1.52683,1.00,1.00
2017.03.20 13:03:14.077,1.52664,1.5268,1.00,1.00
2017.03.20 13:03:14.836,1.52664,1.52679,1.00,1.00
2017.03.20 13:03:15.498,1.52664,1.5268,1.00,1.00
2017.03.20 13:03:15.671,1.52663,1.52682,1.00,1.50
2017.03.20 13:03:16.175,1.52664,1.52681,1.00,1.00
2017.03.20 13:03:16.276,1.52664,1.52678,1.00,1.00
2017.03.20 13:03:16.427,1.52654,1.52678,1.00,1.00
2017.03.20 13:03:16.683,1.52654,1.5268,1.00,1.00
2017.03.20 13:03:16.855,1.52664,1.5268,1.00,1.00
2017.03.20 13:03:17.000,1.52664,1.52682,1.00,1.00
2017.03.20 13:03:17.505,1.52664,1.52683,1.00,1.00
2017.03.20 13:03:17.928,1.52664,1.52685,1.00,1.00
2017.03.20 13:03:18.041,1.52656,1.52686,1.00,1.00
2017.03.20 13:03:18.142,1.52663,1.52689,1.00,1.00
2017.03.20 13:03:18.401,1.52654,1.52683,1.00,1.00
2017.03.20 13:03:18.452,1.52664,1.52683,1.00,1.00
2017.03.20 13:03:19.079,1.52664,1.52682,1.00,1.00
2017.03.20 13:03:19.590,1.52664,1.52681,1.00,1.00
2017.03.20 13:03:19.741,1.52664,1.52685,1.00,1.12
2017.03.20 13:03:20.434,1.52663,1.52685,1.00,1.00
2017.03.20 13:03:21.855,1.52653,1.52685,1.50,1.00
2017.03.20 13:03:21.956,1.52663,1.52685,1.00,1.00
2017.03.20 13:03:22.135,1.52663,1.52687,1.00,1.00
2017.03.20 13:03:22.586,1.52664,1.52684,1.00,1.00
2017.03.20 13:03:23.139,1.52664,1.52685,1.00,1.00
2017.03.20 13:03:25.437,1.52655,1.52685,1.00,1.00
2017.03.20 13:03:25.538,1.52653,1.52682,1.00,1.00
2017.03.20 13:03:25.840,1.52663,1.52681,1.00,1.00
2017.03.20 13:03:26.375,1.52664,1.52681,1.00,1.00
2017.03.20 13:03:28.650,1.52653,1.52679,1.00,1.00
2017.03.20 13:03:28.751,1.52653,1.52683,1.50,1.00
2017.03.20 13:03:28.801,1.52655,1.52685,1.00,1.50
2017.03.20 13:03:29.104,1.52664,1.52685,1.00,1.00
2017.03.20 13:03:29.744,1.52664,1.52686,1.00,1.00
2017.03.20 13:03:30.164,1.52663,1.52688,1.00,1.00
2017.03.20 13:03:30.264,1.52664,1.5269,1.00,1.00
2017.03.20 13:03:30.416,1.52664,1.52687,1.00,1.00
2017.03.20 13:03:30.751,1.52674,1.52687,1.00,1.00
2017.03.20 13:03:30.930,1.52663,1.52687,1.00,1.00
2017.03.20 13:03:31.140,1.52664,1.52689,1.00,1.00
2017.03.20 13:03:31.191,1.52664,1.52691,1.00,1.00
2017.03.20 13:03:31.414,1.52674,1.52691,1.00,1.00
2017.03.20 13:03:32.118,1.52664,1.52692,1.00,1.00
2017.03.20 13:03:32.379,1.52674,1.52692,1.00,1.00
2017.03.20 13:03:32.763,1.52663,1.52692,1.00,1.00
2017.03.20 13:03:32.814,1.52674,1.52698,1.00,1.00
2017.03.20 13:03:33.159,1.52683,1.52702,1.00,1.00
2017.03.20 13:03:33.759,1.52674,1.52702,1.00,1.00
2017.03.20 13:03:34.113,1.52674,1.52704,1.00,1.00
2017.03.20 13:03:34.919,1.52674,1.527,1.00,1.00
2017.03.20 13:03:35.934,1.52674,1.52701,1.00,1.00
2017.03.20 13:03:37.537,1.52674,1.52706,1.50,1.00
2017.03.20 13:03:37.638,1.52673,1.52699,1.00,1.00
2017.03.20 13:03:37.940,1.52683,1.52699,1.00,1.00
2017.03.20 13:03:38.477,1.52683,1.527,1.00,1.00
2017.03.20 13:03:38.982,1.52683,1.52698,1.00,1.00
2017.03.20 13:03:39.314,1.52674,1.52698,1.00,1.00
2017.03.20 13:03:39.415,1.52674,1.52704,1.00,1.00
2017.03.20 13:03:39.465,1.52683,1.52704,1.00,1.00
2017.03.20 13:03:39.768,1.52684,1.52699,1.00,1.00
2017.03.20 13:03:40.379,1.52684,1.52701,1.00,1.00
2017.03.20 13:03:40.880,1.52673,1.52701,1.00,1.00
2017.03.20 13:03:40.931,1.52675,1.52705,1.00,1.00
2017.03.20 13:03:40.982,1.52683,1.52705,1.00,1.00
2017.03.20 13:03:41.083,1.52683,1.52708,1.00,1.00
2017.03.20 13:03:41.336,1.52676,1.52708,1.00,1.00
2017.03.20 13:03:41.386,1.52679,1.52711,1.00,1.00
2017.03.20 13:03:41.689,1.52693,1.52711,1.00,1.00
2017.03.20 13:03:42.334,1.52683,1.52711,1.00,1.00
2017.03.20 13:03:42.862,1.52684,1.5271,1.00,1.00
2017.03.20 13:03:43.719,1.52684,1.52711,1.00,1.50
2017.03.20 13:03:43.770,1.52684,1.52708,1.00,1.00
2017.03.20 13:03:44.777,1.52684,1.52706,1.00,1.00
2017.03.20 13:03:45.252,1.52683,1.52704,1.00,1.00
2017.03.20 13:03:45.759,1.52683,1.52702,1.00,1.00
2017.03.20 13:03:45.861,1.52684,1.52704,1.00,1.00
2017.03.20 13:03:45.962,1.52684,1.52709,1.00,1.00
2017.03.20 13:03:46.251,1.52694,1.52709,1.00,1.00
2017.03.20 13:03:46.842,1.52694,1.52708,1.00,1.00
2017.03.20 13:03:48.338,1.52694,1.52706,1.00,1.00
2017.03.20 13:03:48.539,1.52684,1.52705,1.00,1.00
2017.03.20 13:03:48.943,1.52683,1.52703,1.00,1.00
2017.03.20 13:03:49.346,1.52683,1.52708,1.00,1.00
2017.03.20 13:03:49.448,1.52694,1.52711,1.00,1.00
2017.03.20 13:03:49.752,1.52693,1.52707,1.00,1.00
2017.03.20 13:03:50.128,1.52683,1.52707,1.00,1.00
2017.03.20 13:03:50.430,1.52683,1.52705,1.00,1.00
2017.03.20 13:03:51.158,1.52683,1.52704,1.00,1.00
2017.03.20 13:03:51.676,1.52684,1.52703,1.00,1.00
2017.03.20 13:03:51.829,1.52673,1.52707,1.00,1.50
2017.03.20 13:03:51.879,1.52676,1.52708,1.00,2.25
2017.03.20 13:03:52.182,1.52694,1.52709,1.00,1.00
2017.03.20 13:03:52.913,1.52694,1.5271,1.00,1.00
2017.03.20 13:03:53.064,1.52683,1.52705,1.00,1.00
2017.03.20 13:03:54.019,1.52683,1.52708,1.00,1.00
2017.03.20 13:03:54.533,1.52684,1.52708,1.00,1.00
2017.03.20 13:03:55.077,1.52684,1.52709,1.00,1.00
2017.03.20 13:03:55.595,1.52684,1.52708,1.00,1.50
2017.03.20 13:03:56.256,1.52684,1.52704,1.00,1.00
2017.03.20 13:03:56.916,1.52683,1.52709,1.00,2.62
2017.03.20 13:03:57.017,1.52693,1.5271,1.00,1.00
2017.03.20 13:03:57.169,1.52684,1.52707,1.00,1.00
2017.03.20 13:03:58.045,1.52684,1.52706,1.00,1.00
2017.03.20 13:04:02.083,1.52683,1.52707,1.00,1.00
2017.03.20 13:04:02.134,1.52683,1.52709,1.00,1.00
2017.03.20 13:04:02.386,1.52694,1.52709,1.00,1.00
2017.03.20 13:04:02.912,1.52694,1.5271,1.00,1.00
2017.03.20 13:04:03.519,1.52694,1.52708,1.00,1.00
2017.03.20 13:04:03.569,1.52694,1.52711,1.00,1.00
2017.03.20 13:04:03.620,1.52684,1.52711,1.00,1.00
2017.03.20 13:04:03.899,1.52694,1.52711,1.00,1.00
2017.03.20 13:04:06.259,1.52683,1.52715,1.00,1.00
2017.03.20 13:04:06.309,1.52685,1.52715,1.00,1.00
2017.03.20 13:04:06.612,1.52693,1.52714,1.00,1.00
2017.03.20 13:04:06.915,1.52693,1.52707,1.00,1.00
2017.03.20 13:04:07.088,1.52693,1.5271,1.00,1.00
2017.03.20 13:04:08.447,1.52693,1.52707,1.00,1.00
2017.03.20 13:04:08.548,1.52683,1.52707,1.00,1.00
2017.03.20 13:04:08.649,1.52683,1.52705,1.00,1.00
2017.03.20 13:04:08.978,1.52693,1.52705,1.00,1.00
2017.03.20 13:04:09.460,1.52684,1.52705,1.00,1.00
2017.03.20 13:04:09.511,1.52684,1.52708,1.00,1.00
2017.03.20 13:04:09.561,1.52694,1.52708,1.00,1.00
2017.03.20 13:04:09.994,1.52693,1.52713,1.00,1.00
2017.03.20 13:04:10.045,1.52684,1.52712,1.00,1.00
2017.03.20 13:04:10.248,1.52694,1.52712,1.00,1.00
2017.03.20 13:04:10.525,1.52694,1.5272,1.00,1.00
2017.03.20 13:04:11.029,1.52693,1.5272,1.00,1.00
2017.03.20 13:04:11.230,1.52694,1.52722,1.00,2.25
2017.03.20 13:04:11.281,1.52704,1.52722,1.00,1.50
2017.03.20 13:04:11.332,1.52693,1.52722,1.00,1.00
2017.03.20 13:04:11.584,1.52704,1.52721,1.00,1.00
2017.03.20 13:04:12.759,1.52703,1.52723,1.00,1.00
2017.03.20 13:04:13.036,1.52703,1.52725,1.00,1.00
2017.03.20 13:04:13.160,1.52703,1.52728,1.00,1.50
2017.03.20 13:04:13.211,1.52704,1.5272,1.00,1.00
2017.03.20 13:04:13.825,1.52703,1.5272,1.00,1.50
2017.03.20 13:04:14.128,1.52693,1.52719,1.00,1.00
2017.03.20 13:04:14.229,1.52694,1.52717,1.00,1.00
2017.03.20 13:04:14.531,1.52704,1.52717,1.00,1.00
2017.03.20 13:04:15.113,1.52704,1.52716,1.00,1.00
2017.03.20 13:04:15.322,1.52694,1.52717,1.00,1.00
2017.03.20 13:04:15.373,1.52694,1.52714,1.00,1.00
2017.03.20 13:04:15.525,1.52694,1.52718,1.00,1.00
2017.03.20 13:04:15.576,1.52694,1.5272,1.00,1.50
2017.03.20 13:04:15.677,1.52704,1.52721,1.00,1.00
2017.03.20 13:04:17.182,1.52704,1.52723,1.00,1.00
2017.03.20 13:04:18.986,1.52704,1.52724,1.00,1.00
2017.03.20 13:04:19.685,1.52704,1.52725,1.00,1.00
2017.03.20 13:04:20.190,1.52704,1.52726,1.00,1.00
2017.03.20 13:04:21.749,1.52703,1.52726,1.00,1.00
2017.03.20 13:04:21.928,1.52703,1.52728,1.00,1.50
2017.03.20 13:04:21.998,1.52713,1.52728,1.00,1.50
2017.03.20 13:04:22.103,1.52704,1.52723,1.00,1.00
2017.03.20 13:04:22.506,1.52703,1.52721,1.00,1.00
2017.03.20 13:04:22.658,1.52694,1.52718,1.00,1.00
2017.03.20 13:04:22.708,1.52694,1.52715,1.00,1.00
2017.03.20 13:04:23.264,1.52694,1.52712,1.00,1.00
2017.03.20 13:04:24.303,1.52694,1.52711,1.00,1.00
2017.03.20 13:04:25.935,1.52694,1.52709,1.00,1.00
2017.03.20 13:04:26.036,1.52683,1.52703,1.00,1.00
2017.03.20 13:04:26.086,1.52684,1.527,1.00,1.00
2017.03.20 13:04:26.137,1.52684,1.52703,1.00,1.50
2017.03.20 13:04:26.288,1.52692,1.52706,1.00,1.00
2017.03.20 13:04:26.636,1.52684,1.5271,1.00,1.50
2017.03.20 13:04:26.795,1.52693,1.5271,1.00,1.00
2017.03.20 13:04:27.097,1.52693,1.52707,1.00,1.00
2017.03.20 13:04:27.261,1.52693,1.52709,1.00,1.00
2017.03.20 13:04:27.824,1.52693,1.52706,1.00,1.00
2017.03.20 13:04:28.518,1.52683,1.52706,1.00,1.00
2017.03.20 13:04:29.024,1.52683,1.52705,1.00,1.00
2017.03.20 13:04:29.650,1.52684,1.52704,1.00,1.00
2017.03.20 13:04:30.179,1.52683,1.52704,1.00,1.00
2017.03.20 13:04:33.190,1.52693,1.52704,1.00,1.00
2017.03.20 13:04:33.565,1.52684,1.52704,1.00,1.00
2017.03.20 13:04:33.716,1.52693,1.52704,1.00,1.00
2017.03.20 13:04:35.403,1.52684,1.52703,1.00,1.00
2017.03.20 13:04:37.273,1.52684,1.52704,1.00,1.00
2017.03.20 13:04:38.416,1.52692,1.52704,1.00,1.00
2017.03.20 13:04:38.467,1.52683,1.52704,1.00,1.00
2017.03.20 13:04:39.010,1.52684,1.52704,1.00,1.00
2017.03.20 13:04:39.990,1.52684,1.52705,1.00,1.00
2017.03.20 13:04:40.162,1.52684,1.52703,1.00,1.00
2017.03.20 13:04:41.204,1.52684,1.52701,1.00,1.00
2017.03.20 13:04:41.571,1.52684,1.52699,1.00,1.00
2017.03.20 13:04:41.822,1.52684,1.52701,1.00,1.00
2017.03.20 13:04:46.373,1.52684,1.52702,1.00,1.00
2017.03.20 13:04:47.216,1.52683,1.52702,1.00,1.00
2017.03.20 13:04:47.872,1.52684,1.52702,1.00,1.00
2017.03.20 13:04:48.453,1.52684,1.52703,1.00,1.00
2017.03.20 13:04:51.061,1.52684,1.52701,1.00,1.00
2017.03.20 13:04:53.115,1.52684,1.52702,1.00,1.00
2017.03.20 13:04:53.639,1.52683,1.52702,1.00,1.00
2017.03.20 13:04:55.714,1.52683,1.52701,1.00,1.00
2017.03.20 13:04:56.017,1.5269,1.52702,1.00,1.00
2017.03.20 13:04:56.715,1.5269,1.52703,1.00,1.00
2017.03.20 13:04:58.927,1.52692,1.52706,1.00,1.00
2017.03.20 13:04:59.539,1.52693,1.52707,1.00,1.00
2017.03.20 13:05:00.441,1.52683,1.52704,1.00,1.00
2017.03.20 13:05:00.697,1.52684,1.52701,1.00,1.00
2017.03.20 13:05:01.100,1.52684,1.52698,1.00,1.00
2017.03.20 13:05:02.404,1.52684,1.527,1.00,1.00
2017.03.20 13:05:02.930,1.52684,1.52699,1.00,1.00
2017.03.20 13:05:03.719,1.52684,1.52698,1.00,1.00
2017.03.20 13:05:04.722,1.52684,1.527,1.00,1.00
2017.03.20 13:05:05.253,1.52684,1.52699,1.00,1.00
2017.03.20 13:05:05.787,1.52684,1.52697,1.00,1.00
2017.03.20 13:05:07.739,1.52683,1.52697,1.00,1.00
2017.03.20 13:05:08.349,1.52684,1.52697,1.00,1.00
2017.03.20 13:05:08.673,1.52683,1.52694,1.00,1.00
2017.03.20 13:05:10.258,1.52683,1.52695,1.00,1.00
2017.03.20 13:05:11.249,1.52673,1.52693,1.00,1.00
2017.03.20 13:05:12.545,1.52673,1.52694,1.00,1.50
2017.03.20 13:05:13.558,1.52673,1.52693,1.00,1.00
2017.03.20 13:05:14.596,1.52673,1.52694,1.00,1.50
2017.03.20 13:05:15.631,1.52673,1.52692,1.00,1.00
2017.03.20 13:05:16.153,1.52673,1.52693,1.00,1.00
2017.03.20 13:05:16.792,1.52681,1.52693,1.00,1.00
2017.03.20 13:05:17.964,1.52682,1.52694,1.00,1.00
2017.03.20 13:05:18.582,1.52683,1.52695,1.00,1.00
2017.03.20 13:05:19.431,1.52682,1.52693,1.00,1.00
2017.03.20 13:05:20.019,1.52674,1.52693,1.00,1.00
2017.03.20 13:05:20.392,1.52674,1.52691,1.00,1.00
2017.03.20 13:05:21.855,1.52673,1.52691,1.00,1.00
2017.03.20 13:05:22.166,1.52673,1.52689,1.00,1.00
2017.03.20 13:05:22.848,1.52674,1.52689,1.00,1.00
2017.03.20 13:05:23.818,1.52674,1.52688,1.00,1.00
2017.03.20 13:05:24.629,1.52673,1.52688,1.00,1.00
2017.03.20 13:05:27.013,1.52674,1.52688,1.00,1.00
2017.03.20 13:05:28.441,1.52674,1.52691,1.00,1.00
2017.03.20 13:05:29.525,1.52674,1.52692,1.00,1.50
2017.03.20 13:05:29.690,1.52674,1.52689,1.00,1.00
2017.03.20 13:05:30.053,1.52664,1.52689,1.00,1.00
2017.03.20 13:05:30.598,1.52673,1.52689,1.00,1.00
2017.03.20 13:05:31.221,1.52673,1.52691,1.00,1.00
2017.03.20 13:05:32.106,1.52673,1.52692,1.00,1.50
2017.03.20 13:05:34.173,1.52673,1.52689,1.00,1.00
2017.03.20 13:05:37.848,1.52673,1.52692,1.00,1.00
2017.03.20 13:05:38.100,1.52673,1.52695,1.00,1.00
2017.03.20 13:05:43.713,1.52674,1.52695,1.00,1.00
2017.03.20 13:05:44.276,1.52673,1.52695,1.00,1.00
2017.03.20 13:05:45.066,1.52673,1.52694,1.00,1.00
2017.03.20 13:05:46.622,1.52674,1.52697,1.00,1.00
2017.03.20 13:05:46.673,1.52674,1.52694,1.00,1.00
2017.03.20 13:05:47.126,1.52674,1.52693,1.00,1.60
2017.03.20 13:05:49.165,1.52674,1.5269,1.00,1.00
2017.03.20 13:05:59.717,1.52674,1.52691,1.00,1.00
2017.03.20 13:06:03.109,1.52674,1.52688,1.00,1.00
2017.03.20 13:06:03.881,1.52673,1.52688,1.00,1.00
2017.03.20 13:06:04.021,1.52674,1.52691,1.00,1.00
2017.03.20 13:06:04.273,1.52674,1.52694,1.00,1.00
2017.03.20 13:06:04.430,1.52664,1.52694,1.50,1.00
2017.03.20 13:06:04.481,1.52667,1.52694,1.00,1.00
2017.03.20 13:06:04.793,1.52673,1.52694,1.00,1.00
2017.03.20 13:06:05.301,1.52673,1.52695,1.00,1.50
2017.03.20 13:06:07.127,1.52673,1.52694,1.00,1.00
2017.03.20 13:06:07.733,1.52673,1.52695,1.00,1.00
2017.03.20 13:06:08.334,1.52674,1.52695,1.00,1.50
2017.03.20 13:06:09.047,1.52673,1.52695,1.00,1.50
2017.03.20 13:06:09.614,1.52673,1.52694,1.00,1.00
2017.03.20 13:06:12.842,1.52674,1.52694,1.00,1.00
2017.03.20 13:06:13.468,1.52674,1.52695,1.00,2.25
2017.03.20 13:06:14.135,1.52683,1.52695,1.00,1.50
2017.03.20 13:06:14.258,1.52674,1.52695,1.00,2.25
2017.03.20 13:06:14.789,1.52673,1.52695,1.00,1.50
2017.03.20 13:06:18.798,1.52673,1.52694,1.00,1.00
2017.03.20 13:06:19.325,1.52673,1.52695,1.00,2.25
2017.03.20 13:06:20.424,1.52673,1.52694,1.00,1.00
2017.03.20 13:06:20.967,1.52674,1.52695,1.00,2.25
2017.03.20 13:06:21.327,1.52674,1.52692,1.00,1.00
2017.03.20 13:06:22.213,1.52674,1.52693,1.00,1.00
2017.03.20 13:06:22.268,1.52664,1.52693,1.00,1.00
2017.03.20 13:06:22.547,1.52673,1.52693,1.00,1.00
2017.03.20 13:06:23.133,1.52673,1.52692,1.00,1.00
2017.03.20 13:06:23.667,1.52673,1.52691,1.00,1.00
2017.03.20 13:06:27.739,1.52664,1.52692,1.00,1.50
2017.03.20 13:06:28.247,1.52664,1.52691,1.00,1.00
2017.03.20 13:06:28.459,1.52664,1.52687,1.00,1.00
2017.03.20 13:06:29.486,1.52664,1.52688,1.00,1.00
2017.03.20 13:06:30.089,1.52664,1.52689,1.00,1.00
2017.03.20 13:06:30.953,1.52664,1.5269,1.00,1.00
2017.03.20 13:06:32.002,1.52674,1.52688,1.00,1.00
2017.03.20 13:06:32.053,1.52664,1.52687,1.00,1.00
2017.03.20 13:06:32.246,1.52663,1.52689,1.00,1.00
2017.03.20 13:06:32.750,1.52664,1.52689,1.00,1.00
2017.03.20 13:06:33.256,1.52663,1.52689,1.00,1.00
2017.03.20 13:06:33.894,1.52663,1.52691,1.00,1.50
2017.03.20 13:06:34.096,1.52664,1.52695,1.00,1.50
2017.03.20 13:06:34.377,1.52674,1.52695,1.00,1.50
2017.03.20 13:06:39.428,1.52674,1.52694,1.00,1.00
2017.03.20 13:06:41.515,1.52674,1.52693,1.00,1.72
2017.03.20 13:06:41.843,1.52673,1.5269,1.00,1.00
2017.03.20 13:06:42.427,1.52663,1.5269,1.00,1.00
2017.03.20 13:06:42.780,1.52674,1.52691,1.00,1.50
2017.03.20 13:06:42.942,1.52674,1.52696,1.00,1.50
2017.03.20 13:06:43.446,1.52673,1.52696,1.00,1.50
2017.03.20 13:06:43.598,1.52667,1.52696,1.00,1.50
2017.03.20 13:06:43.890,1.52674,1.52696,1.00,1.00
2017.03.20 13:06:44.293,1.52674,1.527,1.00,1.00
2017.03.20 13:06:44.835,1.52673,1.527,1.00,1.00
2017.03.20 13:06:45.346,1.52673,1.52701,1.00,1.00
2017.03.20 13:06:45.582,1.52684,1.52701,1.00,1.00
2017.03.20 13:06:45.688,1.52673,1.527,1.50,1.00
2017.03.20 13:06:45.918,1.52684,1.527,1.00,1.00
2017.03.20 13:06:45.969,1.52673,1.52699,1.00,1.00
2017.03.20 13:06:46.019,1.52674,1.52692,1.00,1.37
2017.03.20 13:06:46.664,1.52674,1.5269,1.00,1.00
2017.03.20 13:06:46.780,1.52664,1.5269,1.00,1.00
2017.03.20 13:06:49.307,1.52664,1.52685,1.00,1.00
2017.03.20 13:06:49.358,1.52655,1.52685,1.50,1.00
2017.03.20 13:06:49.610,1.52664,1.52684,1.00,1.00
2017.03.20 13:06:51.295,1.52664,1.52681,1.00,1.50
2017.03.20 13:06:52.812,1.52663,1.52681,1.00,1.00
2017.03.20 13:06:53.644,1.52664,1.52681,1.00,1.00
2017.03.20 13:06:54.616,1.52654,1.52681,1.50,1.50
2017.03.20 13:06:54.666,1.52657,1.52681,1.00,1.50
2017.03.20 13:06:54.969,1.52664,1.52681,1.00,1.00
2017.03.20 13:06:55.514,1.52663,1.52681,1.00,1.50
2017.03.20 13:06:56.997,1.52664,1.52681,1.00,1.50
2017.03.20 13:06:57.148,1.52653,1.52681,1.50,1.00
2017.03.20 13:06:57.406,1.52663,1.52681,1.00,1.00
2017.03.20 13:06:58.026,1.52664,1.52681,1.00,1.00
2017.03.20 13:06:58.887,1.52654,1.52677,1.00,1.00
2017.03.20 13:06:58.988,1.52654,1.52675,1.00,1.00
2017.03.20 13:06:59.306,1.52664,1.52675,1.00,1.00
2017.03.20 13:06:59.685,1.52664,1.52673,1.00,1.00
2017.03.20 13:07:00.218,1.52663,1.52672,1.00,1.00
2017.03.20 13:07:00.903,1.52663,1.52673,1.00,1.00
2017.03.20 13:07:01.104,1.52664,1.52675,1.00,1.00
2017.03.20 13:07:01.501,1.52653,1.52674,1.00,1.00
2017.03.20 13:07:01.552,1.52653,1.52669,1.00,1.00
2017.03.20 13:07:01.855,1.5266,1.52668,1.00,1.00
2017.03.20 13:07:01.906,1.52661,1.5267,1.00,1.00
2017.03.20 13:07:02.057,1.52653,1.52671,1.00,1.50
2017.03.20 13:07:02.158,1.52661,1.52671,1.00,1.50
2017.03.20 13:07:02.360,1.52663,1.52673,1.00,1.00
2017.03.20 13:07:02.576,1.52654,1.52672,1.00,1.00
2017.03.20 13:07:02.627,1.52663,1.52679,1.00,1.00
2017.03.20 13:07:02.929,1.52674,1.52686,1.00,2.25
2017.03.20 13:07:03.031,1.52663,1.52686,1.00,1.00
2017.03.20 13:07:03.132,1.52663,1.52683,1.00,1.00
2017.03.20 13:07:03.183,1.52663,1.52685,1.00,1.00
2017.03.20 13:07:03.335,1.52664,1.52688,1.00,1.00
2017.03.20 13:07:03.436,1.52664,1.5269,1.00,1.00
2017.03.20 13:07:03.493,1.52664,1.52687,1.00,1.00
2017.03.20 13:07:03.543,1.52664,1.5269,1.00,1.00
2017.03.20 13:07:03.594,1.52673,1.5269,1.00,1.00
2017.03.20 13:07:04.207,1.52673,1.52689,1.00,1.00
2017.03.20 13:07:04.511,1.52683,1.52693,1.00,1.00
2017.03.20 13:07:04.561,1.52674,1.52694,1.00,1.00
2017.03.20 13:07:04.664,1.52684,1.52694,1.00,1.00
2017.03.20 13:07:04.715,1.52684,1.52696,1.00,1.00
2017.03.20 13:07:05.286,1.52684,1.52695,1.00,1.00
2017.03.20 13:07:05.554,1.52683,1.52697,1.00,1.00
2017.03.20 13:07:05.655,1.52684,1.52699,1.00,1.00
2017.03.20 13:07:05.837,1.52684,1.52704,1.00,1.00
2017.03.20 13:07:05.938,1.52684,1.52702,1.00,1.00
2017.03.20 13:07:06.144,1.52683,1.52708,1.00,1.00
2017.03.20 13:07:06.194,1.52693,1.52708,1.00,1.50
2017.03.20 13:07:06.245,1.52683,1.527,1.00,1.00
2017.03.20 13:07:06.346,1.52693,1.52702,1.00,1.00
2017.03.20 13:07:07.035,1.52693,1.52703,1.00,1.00
2017.03.20 13:07:07.545,1.52693,1.52702,1.00,1.00
2017.03.20 13:07:08.249,1.52693,1.52702,1.00,1.00
2017.03.20 13:07:08.400,1.52693,1.52706,1.00,1.00
2017.03.20 13:07:08.501,1.52693,1.52709,1.00,1.00
2017.03.20 13:07:08.754,1.52693,1.52711,1.00,1.50
2017.03.20 13:07:08.805,1.52693,1.52709,1.00,1.00
2017.03.20 13:07:09.309,1.52694,1.5271,1.00,1.00
2017.03.20 13:07:10.372,1.52694,1.52711,1.00,1.00
2017.03.20 13:07:10.913,1.52694,1.52709,1.00,1.00
2017.03.20 13:07:11.115,1.52683,1.52707,1.00,1.00
2017.03.20 13:07:11.166,1.52683,1.52704,1.00,1.00
2017.03.20 13:07:11.372,1.52683,1.52708,1.00,1.00
2017.03.20 13:07:11.473,1.52694,1.52709,1.00,1.50
2017.03.20 13:07:11.524,1.52683,1.52709,1.00,1.50
2017.03.20 13:07:11.773,1.52694,1.52709,1.00,1.50
2017.03.20 13:07:11.875,1.52684,1.52709,1.00,1.00
2017.03.20 13:07:12.027,1.52684,1.52706,1.00,1.00
2017.03.20 13:07:12.334,1.52684,1.52704,1.00,1.00
2017.03.20 13:07:13.044,1.52684,1.52705,1.00,1.00
2017.03.20 13:07:13.624,1.52684,1.52704,1.00,1.00
2017.03.20 13:07:14.451,1.52693,1.52704,1.00,1.00
2017.03.20 13:07:14.552,1.52693,1.52706,1.00,1.00
2017.03.20 13:07:14.653,1.52693,1.52709,1.00,2.25
2017.03.20 13:07:15.166,1.52693,1.52708,1.00,1.00
2017.03.20 13:07:15.769,1.52693,1.52706,1.00,1.00
2017.03.20 13:07:16.072,1.52694,1.52708,1.00,1.00
2017.03.20 13:07:16.123,1.52683,1.52708,1.00,1.00
2017.03.20 13:07:16.224,1.52693,1.52714,1.00,2.25
2017.03.20 13:07:16.526,1.52694,1.52709,1.00,1.00
2017.03.20 13:07:16.817,1.52693,1.52711,1.00,1.00
2017.03.20 13:07:16.868,1.52693,1.52713,1.00,1.00
2017.03.20 13:07:17.384,1.52694,1.5271,1.00,1.00
2017.03.20 13:07:17.686,1.52694,1.52712,1.00,1.50
2017.03.20 13:07:19.156,1.52686,1.52712,1.00,1.00
2017.03.20 13:07:19.206,1.52691,1.52712,1.00,1.50
2017.03.20 13:07:19.257,1.52694,1.52717,1.00,1.00
2017.03.20 13:07:19.358,1.52694,1.5271,1.00,1.00
2017.03.20 13:07:19.967,1.52694,1.52709,1.00,1.00
2017.03.20 13:07:20.398,1.52694,1.52713,1.00,1.00
2017.03.20 13:07:20.448,1.52703,1.52713,1.00,1.00
2017.03.20 13:07:21.246,1.52703,1.52712,1.00,1.00
2017.03.20 13:07:21.858,1.52703,1.52713,1.00,1.00
2017.03.20 13:07:22.220,1.52704,1.52715,1.00,1.00
2017.03.20 13:07:22.271,1.52704,1.52718,1.00,1.00
2017.03.20 13:07:22.422,1.52703,1.5272,1.00,1.00
2017.03.20 13:07:22.473,1.52703,1.52716,1.00,1.00
2017.03.20 13:07:22.524,1.52703,1.52718,1.00,1.00
2017.03.20 13:07:22.676,1.52704,1.52723,1.00,1.00
2017.03.20 13:07:22.777,1.52714,1.52727,1.00,1.00
2017.03.20 13:07:23.079,1.52714,1.52725,1.00,1.00
2017.03.20 13:07:23.281,1.52703,1.52724,1.00,1.00
2017.03.20 13:07:23.382,1.52714,1.52724,1.00,1.00
2017.03.20 13:07:23.483,1.52714,1.52727,1.00,1.00
2017.03.20 13:07:23.646,1.52704,1.52726,1.00,1.00
2017.03.20 13:07:23.798,1.52713,1.52725,1.00,1.00
2017.03.20 13:07:24.014,1.52714,1.5273,1.00,1.00
2017.03.20 13:07:25.109,1.52704,1.5273,1.00,1.00
2017.03.20 13:07:25.210,1.52704,1.52725,1.00,1.00
2017.03.20 13:07:26.134,1.52714,1.52725,1.00,1.00
2017.03.20 13:07:26.643,1.52714,1.52726,1.00,1.00
2017.03.20 13:07:26.694,1.52714,1.52728,1.00,1.00
2017.03.20 13:07:26.745,1.52705,1.5273,1.00,1.50
2017.03.20 13:07:26.846,1.52713,1.5273,1.00,1.50
2017.03.20 13:07:27.261,1.52724,1.52739,1.00,1.50
2017.03.20 13:07:27.564,1.52724,1.52734,1.00,1.00
2017.03.20 13:07:27.935,1.52724,1.52732,1.00,1.00
2017.03.20 13:07:28.435,1.52724,1.52734,1.00,1.00
2017.03.20 13:07:28.954,1.52724,1.52733,1.00,1.00
2017.03.20 13:07:29.155,1.52722,1.52731,1.00,1.00
2017.03.20 13:07:29.206,1.52714,1.52733,1.00,1.00
2017.03.20 13:07:29.357,1.52714,1.52731,1.00,1.00
2017.03.20 13:07:29.458,1.52713,1.52734,1.00,1.00
2017.03.20 13:07:29.610,1.52713,1.52731,1.00,1.00
2017.03.20 13:07:29.660,1.52713,1.52733,1.00,1.00
2017.03.20 13:07:29.862,1.52714,1.52735,1.50,1.00
2017.03.20 13:07:30.098,1.52714,1.52738,1.50,1.00
2017.03.20 13:07:30.153,1.52724,1.52738,1.00,1.50
2017.03.20 13:07:30.813,1.52724,1.52739,1.00,1.00
2017.03.20 13:07:31.412,1.52724,1.5274,1.00,1.00
2017.03.20 13:07:31.941,1.52724,1.52739,1.00,1.00
2017.03.20 13:07:32.530,1.52724,1.5274,1.00,1.00
2017.03.20 13:07:33.061,1.52724,1.52739,1.00,1.00
2017.03.20 13:07:33.397,1.5273,1.5274,1.00,1.00
2017.03.20 13:07:33.969,1.5273,1.52739,1.00,1.00
2017.03.20 13:07:34.224,1.52724,1.5274,1.00,1.00
2017.03.20 13:07:34.295,1.52724,1.52748,1.00,1.50
2017.03.20 13:07:34.346,1.52733,1.52748,1.00,1.50
2017.03.20 13:07:34.649,1.52734,1.52744,1.00,1.00
2017.03.20 13:07:34.800,1.52733,1.52746,1.00,1.00
2017.03.20 13:07:35.431,1.52734,1.52746,1.00,1.00
2017.03.20 13:07:35.906,1.52723,1.52746,1.00,1.00
2017.03.20 13:07:35.957,1.52723,1.52741,1.00,1.00
2017.03.20 13:07:36.209,1.52723,1.52746,1.00,1.00
2017.03.20 13:07:36.361,1.52734,1.52746,1.00,1.00
2017.03.20 13:07:36.461,1.52734,1.52748,1.00,1.00
2017.03.20 13:07:36.512,1.52734,1.52746,1.00,1.00
2017.03.20 13:07:36.563,1.52724,1.52746,1.00,1.00
2017.03.20 13:07:36.730,1.52733,1.52746,1.00,1.00
2017.03.20 13:07:37.267,1.52734,1.52748,1.00,1.50
2017.03.20 13:07:37.318,1.52724,1.52749,1.50,1.00
2017.03.20 13:07:37.368,1.52733,1.52747,1.00,1.00
2017.03.20 13:07:37.620,1.52733,1.52749,1.00,1.00
2017.03.20 13:07:38.171,1.52733,1.52748,1.00,1.00
2017.03.20 13:07:38.363,1.52723,1.52753,1.50,1.00
2017.03.20 13:07:38.524,1.52744,1.52755,1.00,1.00
2017.03.20 13:07:38.727,1.52734,1.52755,1.00,1.00
2017.03.20 13:07:38.828,1.52734,1.52747,1.00,1.00
2017.03.20 13:07:39.181,1.52733,1.52745,1.00,1.00
2017.03.20 13:07:39.232,1.52733,1.52748,1.00,1.00
2017.03.20 13:07:39.913,1.52733,1.52747,1.00,1.00
2017.03.20 13:07:40.444,1.52734,1.52747,1.00,1.00
2017.03.20 13:07:41.484,1.52734,1.52748,1.00,1.00
2017.03.20 13:07:41.716,1.52734,1.52743,1.00,1.00
2017.03.20 13:07:42.353,1.52733,1.52743,1.00,1.00
2017.03.20 13:07:42.799,1.52723,1.52742,1.00,1.00
2017.03.20 13:07:42.950,1.52732,1.52742,1.00,1.00
2017.03.20 13:07:43.794,1.52733,1.52741,1.00,1.00
2017.03.20 13:07:43.845,1.52724,1.52742,1.00,1.00
2017.03.20 13:07:44.097,1.52724,1.52744,1.00,1.00
2017.03.20 13:07:44.820,1.52724,1.52745,1.00,1.00
2017.03.20 13:07:45.346,1.52724,1.52744,1.00,1.00
2017.03.20 13:07:46.338,1.52724,1.52743,1.00,1.00
2017.03.20 13:07:46.742,1.52724,1.52741,1.00,1.00
2017.03.20 13:07:47.345,1.52724,1.52742,1.00,1.00
2017.03.20 13:07:47.976,1.52724,1.52741,1.00,1.00
2017.03.20 13:07:53.444,1.52724,1.52739,1.00,1.00
2017.03.20 13:07:53.970,1.52724,1.52741,1.00,1.00
2017.03.20 13:07:54.606,1.52724,1.52742,1.00,1.00
2017.03.20 13:07:55.212,1.52724,1.52741,1.00,1.00
2017.03.20 13:07:55.263,1.52723,1.52743,1.00,1.00
2017.03.20 13:07:55.314,1.52724,1.52739,1.00,1.00
2017.03.20 13:07:55.631,1.52724,1.52737,1.00,1.00
2017.03.20 13:07:56.163,1.52724,1.52736,1.00,1.00
2017.03.20 13:07:56.664,1.52723,1.52736,1.00,1.00
2017.03.20 13:07:56.765,1.52723,1.52738,1.00,1.00
2017.03.20 13:07:57.309,1.52724,1.52737,1.00,1.00
2017.03.20 13:07:57.410,1.52723,1.52733,1.00,1.00
2017.03.20 13:07:58.221,1.52722,1.52732,1.00,1.00
2017.03.20 13:07:58.735,1.52722,1.52733,1.00,1.00
2017.03.20 13:07:59.559,1.52722,1.52732,1.00,1.00
2017.03.20 13:07:59.931,1.52714,1.52731,1.00,1.00
2017.03.20 13:08:00.032,1.52714,1.52729,1.00,1.00
2017.03.20 13:08:00.385,1.52713,1.52727,1.00,1.00
2017.03.20 13:08:00.537,1.52703,1.52724,1.00,1.00
2017.03.20 13:08:00.638,1.52714,1.52724,1.00,1.00
2017.03.20 13:08:01.238,1.52704,1.52722,1.00,1.00
2017.03.20 13:08:01.440,1.52712,1.52721,1.00,1.00
2017.03.20 13:08:01.541,1.52703,1.52721,1.00,1.00
2017.03.20 13:08:01.592,1.52703,1.52723,1.00,1.00
2017.03.20 13:08:01.743,1.52703,1.52725,1.00,1.00
2017.03.20 13:08:02.283,1.52694,1.52726,1.50,1.00
2017.03.20 13:08:02.494,1.52703,1.5272,1.00,1.00
2017.03.20 13:08:02.999,1.52703,1.52721,1.00,1.00
2017.03.20 13:08:03.301,1.52703,1.52719,1.00,1.00
2017.03.20 13:08:04.341,1.52704,1.52719,1.00,1.00
2017.03.20 13:08:05.235,1.52704,1.5272,1.00,1.00
2017.03.20 13:08:05.653,1.52694,1.52719,1.50,1.00
2017.03.20 13:08:05.709,1.52704,1.52718,1.00,1.00
2017.03.20 13:08:06.904,1.52703,1.52718,1.00,1.00
2017.03.20 13:08:07.286,1.52703,1.5272,1.00,1.00
2017.03.20 13:08:07.662,1.52703,1.52718,1.00,1.00
2017.03.20 13:08:08.181,1.52703,1.52719,1.00,1.00
2017.03.20 13:08:08.835,1.52703,1.52718,1.00,1.00
2017.03.20 13:08:10.373,1.52703,1.52719,1.00,1.00
2017.03.20 13:08:10.915,1.52703,1.52718,1.00,1.00
2017.03.20 13:08:12.507,1.52703,1.52719,1.00,1.00
2017.03.20 13:08:13.423,1.52703,1.52718,1.00,1.00
2017.03.20 13:08:13.474,1.52703,1.5272,1.00,1.00
2017.03.20 13:08:14.017,1.52703,1.52719,1.00,1.00
2017.03.20 13:08:15.721,1.52703,1.5272,1.00,1.00
2017.03.20 13:08:16.230,1.52703,1.52719,1.00,1.00
2017.03.20 13:08:16.743,1.52703,1.52718,1.00,1.00
2017.03.20 13:08:17.285,1.52704,1.52716,1.00,1.00
2017.03.20 13:08:17.578,1.52704,1.52718,1.00,1.00
2017.03.20 13:08:18.155,1.52703,1.52718,1.00,1.00
2017.03.20 13:08:19.105,1.52703,1.52717,1.00,1.00
2017.03.20 13:08:21.561,1.52703,1.52718,1.00,1.00
2017.03.20 13:08:22.634,1.52703,1.52719,1.00,1.00
2017.03.20 13:08:23.237,1.52703,1.52718,1.00,1.00
2017.03.20 13:08:23.854,1.52703,1.52719,1.00,1.00
2017.03.20 13:08:24.611,1.52703,1.52718,1.00,1.00
2017.03.20 13:08:25.124,1.52703,1.52717,1.00,1.00
2017.03.20 13:08:25.599,1.52694,1.52716,1.00,1.00
2017.03.20 13:08:25.649,1.52694,1.52714,1.00,1.00
2017.03.20 13:08:26.234,1.52694,1.52716,1.00,1.00
2017.03.20 13:08:27.512,1.52703,1.52717,1.00,1.00
2017.03.20 13:08:29.013,1.52694,1.52717,1.00,1.00
2017.03.20 13:08:29.967,1.52703,1.52717,1.00,1.00
2017.03.20 13:08:30.224,1.52694,1.52717,1.00,1.00
2017.03.20 13:08:31.464,1.52704,1.52717,1.00,1.00
2017.03.20 13:08:31.666,1.52694,1.52717,1.00,1.00
2017.03.20 13:08:32.326,1.52704,1.52717,1.00,1.50
2017.03.20 13:08:33.545,1.52704,1.52716,1.00,1.00
2017.03.20 13:08:33.645,1.52694,1.52717,1.00,1.50
2017.03.20 13:08:34.153,1.52694,1.52716,1.00,1.00
2017.03.20 13:08:34.663,1.52694,1.52717,1.00,1.00
2017.03.20 13:08:35.197,1.52694,1.52718,1.00,1.50
2017.03.20 13:08:35.783,1.52694,1.52719,1.00,1.50
2017.03.20 13:08:36.401,1.52694,1.52718,1.00,1.00
2017.03.20 13:08:36.898,1.52704,1.52718,1.00,1.00
2017.03.20 13:08:37.561,1.52704,1.52719,1.00,1.50
2017.03.20 13:08:38.156,1.52704,1.52718,1.00,1.50
2017.03.20 13:08:38.713,1.52704,1.52719,1.00,1.50
2017.03.20 13:08:39.216,1.52704,1.52718,1.00,1.50
2017.03.20 13:08:40.340,1.52693,1.52717,1.00,1.00
2017.03.20 13:08:40.441,1.52704,1.52717,1.00,1.00
2017.03.20 13:08:40.642,1.52694,1.52716,1.00,1.00
2017.03.20 13:08:41.256,1.52704,1.52716,1.00,1.00
2017.03.20 13:08:41.357,1.52694,1.52716,1.00,1.00
2017.03.20 13:08:41.909,1.52694,1.52715,1.00,1.00
2017.03.20 13:08:42.436,1.52693,1.52716,1.00,1.00
2017.03.20 13:08:42.937,1.52694,1.52716,1.00,1.00
2017.03.20 13:08:44.110,1.52693,1.52716,1.00,1.00
2017.03.20 13:08:44.825,1.52694,1.52716,1.00,1.00
2017.03.20 13:08:45.485,1.52694,1.52717,1.00,1.00
2017.03.20 13:08:46.104,1.52694,1.52716,1.00,1.00
2017.03.20 13:08:46.628,1.52694,1.52717,1.00,1.00
2017.03.20 13:08:47.156,1.52694,1.52716,1.00,1.00
2017.03.20 13:08:47.796,1.52694,1.52717,1.00,1.00
2017.03.20 13:08:48.606,1.52694,1.52716,1.00,1.00
2017.03.20 13:08:48.656,1.52703,1.52717,1.00,1.00
2017.03.20 13:08:48.959,1.52694,1.52715,1.00,1.00
2017.03.20 13:08:49.060,1.52703,1.52714,1.00,1.00
2017.03.20 13:08:49.612,1.52694,1.52715,1.00,1.00
2017.03.20 13:08:50.012,1.52703,1.52715,1.00,1.00
2017.03.20 13:08:50.063,1.52694,1.52715,1.00,1.00
2017.03.20 13:08:50.114,1.52694,1.52718,1.00,3.00
2017.03.20 13:08:50.807,1.52694,1.52717,1.00,1.00
2017.03.20 13:08:51.357,1.52694,1.52718,1.00,3.00
2017.03.20 13:08:52.154,1.52704,1.52717,1.00,1.00
2017.03.20 13:08:52.255,1.52694,1.52719,1.00,1.00
2017.03.20 13:08:52.665,1.52694,1.52715,1.00,1.00
2017.03.20 13:08:53.313,1.52694,1.52714,1.00,1.00
2017.03.20 13:08:53.650,1.52693,1.52716,1.00,1.00
2017.03.20 13:08:53.801,1.52694,1.52718,1.00,1.00
2017.03.20 13:08:54.003,1.52694,1.5272,1.50,1.00
2017.03.20 13:08:54.104,1.52694,1.52718,1.00,1.00
2017.03.20 13:08:54.351,1.52694,1.52721,1.00,1.00
2017.03.20 13:08:54.408,1.52691,1.52721,1.00,1.00
2017.03.20 13:08:54.664,1.52691,1.52715,1.00,1.00
2017.03.20 13:08:55.198,1.52691,1.52717,1.00,1.00
2017.03.20 13:08:55.751,1.52689,1.52717,1.00,1.00
2017.03.20 13:08:55.802,1.52689,1.52714,1.00,1.00
2017.03.20 13:08:56.129,1.52693,1.52714,1.00,1.00
2017.03.20 13:08:56.417,1.52687,1.52712,1.00,1.00
2017.03.20 13:08:56.740,1.52694,1.52712,1.00,1.00
2017.03.20 13:08:57.279,1.52694,1.52713,1.00,1.00
2017.03.20 13:08:57.832,1.52694,1.52712,1.00,1.00
2017.03.20 13:08:58.835,1.52694,1.52713,1.00,1.00
2017.03.20 13:08:59.390,1.52693,1.52712,1.00,1.00
2017.03.20 13:08:59.953,1.52693,1.52713,1.00,1.00
2017.03.20 13:09:00.374,1.52694,1.52716,1.00,1.00
2017.03.20 13:09:00.475,1.52694,1.52718,1.00,1.00
2017.03.20 13:09:04.218,1.52694,1.52723,1.00,1.60
2017.03.20 13:09:06.647,1.52703,1.52721,1.00,1.00
2017.03.20 13:09:06.697,1.52693,1.52719,1.00,1.00
2017.03.20 13:09:06.849,1.52694,1.52717,1.00,1.00
2017.03.20 13:09:06.899,1.52694,1.52719,1.00,1.00
2017.03.20 13:09:07.000,1.52694,1.52717,1.00,1.00
2017.03.20 13:09:07.255,1.52693,1.52719,1.00,1.00
2017.03.20 13:09:07.536,1.52704,1.52719,1.00,1.00
2017.03.20 13:09:08.045,1.52704,1.52718,1.00,1.00
2017.03.20 13:09:08.598,1.52704,1.52719,1.00,1.00
2017.03.20 13:09:09.274,1.52704,1.52718,1.00,1.00
2017.03.20 13:09:10.343,1.52704,1.52719,1.00,1.00
2017.03.20 13:09:10.444,1.52693,1.52718,1.00,1.00
2017.03.20 13:09:10.954,1.52703,1.52718,1.00,1.00
2017.03.20 13:09:11.257,1.52703,1.52716,1.00,1.00
2017.03.20 13:09:11.509,1.52703,1.52718,1.00,1.00
2017.03.20 13:09:12.387,1.52703,1.52717,1.00,1.00
2017.03.20 13:09:13.482,1.52703,1.52718,1.00,1.00
2017.03.20 13:09:14.345,1.52703,1.52717,1.00,1.00
2017.03.20 13:09:14.655,1.52703,1.5272,1.00,1.00
2017.03.20 13:09:14.860,1.52703,1.52717,1.00,1.00
2017.03.20 13:09:15.061,1.52694,1.52714,1.00,1.00
2017.03.20 13:09:15.502,1.52694,1.52712,1.00,1.00
2017.03.20 13:09:15.603,1.52693,1.52714,1.00,1.00
2017.03.20 13:09:15.735,1.52693,1.5271,1.00,1.00
2017.03.20 13:09:16.050,1.52693,1.52706,1.00,1.00
2017.03.20 13:09:16.791,1.52693,1.52707,1.00,1.00
2017.03.20 13:09:17.256,1.52693,1.52703,1.00,1.00
2017.03.20 13:09:17.357,1.52693,1.52705,1.00,1.00
2017.03.20 13:09:17.458,1.52684,1.52706,1.00,1.50
2017.03.20 13:09:17.508,1.52684,1.52703,1.00,1.00
2017.03.20 13:09:17.916,1.52684,1.527,1.00,1.00
2017.03.20 13:09:18.390,1.52684,1.52702,1.00,1.00
2017.03.20 13:09:18.542,1.52683,1.52699,1.00,1.00
2017.03.20 13:09:18.643,1.52675,1.52699,1.00,1.00
2017.03.20 13:09:18.794,1.52676,1.52701,1.00,1.00
2017.03.20 13:09:18.946,1.52683,1.52701,1.00,1.00
2017.03.20 13:09:19.361,1.52683,1.52703,1.00,1.00
2017.03.20 13:09:19.412,1.52683,1.52705,1.00,1.00
2017.03.20 13:09:19.526,1.52683,1.52702,1.00,1.00
2017.03.20 13:09:20.048,1.52684,1.52703,1.00,1.00
2017.03.20 13:09:20.725,1.52684,1.52702,1.00,1.00
2017.03.20 13:09:21.405,1.52684,1.52703,1.00,1.00
2017.03.20 13:09:21.933,1.52684,1.52702,1.00,1.00
2017.03.20 13:09:22.804,1.52684,1.52703,1.00,1.00
2017.03.20 13:09:23.384,1.52684,1.52702,1.00,1.00
2017.03.20 13:09:24.452,1.52684,1.52703,1.00,1.00
2017.03.20 13:09:25.003,1.52684,1.52702,1.00,1.00
2017.03.20 13:09:25.791,1.52684,1.52703,1.00,1.00
2017.03.20 13:09:26.311,1.52684,1.52702,1.00,1.00
2017.03.20 13:09:26.986,1.52683,1.52702,1.00,1.00
2017.03.20 13:09:27.745,1.52683,1.52703,1.00,1.00
2017.03.20 13:09:29.233,1.52684,1.52703,1.00,1.00
2017.03.20 13:09:30.006,1.52684,1.52702,1.00,1.00
2017.03.20 13:09:30.667,1.52683,1.52702,1.00,1.00
2017.03.20 13:09:31.172,1.52684,1.52702,1.00,1.00
2017.03.20 13:09:31.388,1.52684,1.52704,1.00,1.00
2017.03.20 13:09:31.491,1.52684,1.52706,1.00,1.50
2017.03.20 13:09:31.642,1.52684,1.52701,1.00,1.00
2017.03.20 13:09:31.793,1.52673,1.52701,1.00,1.00
2017.03.20 13:09:31.894,1.52673,1.52697,1.00,1.00
2017.03.20 13:09:32.197,1.52694,1.52704,1.00,1.00
2017.03.20 13:09:32.399,1.52694,1.52711,1.00,1.00
2017.03.20 13:09:32.862,1.52694,1.52707,1.00,1.00
2017.03.20 13:09:33.113,1.52694,1.5271,1.00,1.00
2017.03.20 13:09:33.221,1.52694,1.52708,1.00,1.00
2017.03.20 13:09:33.904,1.52694,1.52709,1.00,1.00
2017.03.20 13:09:34.412,1.52694,1.52708,1.00,1.00
2017.03.20 13:09:34.766,1.52694,1.52711,1.00,1.00
2017.03.20 13:09:35.315,1.52694,1.5271,1.00,1.00
2017.03.20 13:09:35.567,1.52693,1.52712,1.00,1.50
2017.03.20 13:09:35.618,1.52693,1.5271,1.00,1.00
2017.03.20 13:09:35.719,1.52684,1.5271,1.00,1.00
2017.03.20 13:09:35.891,1.52693,1.52709,1.00,1.00
2017.03.20 13:09:37.056,1.52693,1.52708,1.00,1.00
2017.03.20 13:09:37.593,1.52693,1.52709,1.00,1.00
2017.03.20 13:09:38.134,1.52693,1.52708,1.00,1.00
2017.03.20 13:09:39.204,1.52694,1.52708,1.00,1.00
2017.03.20 13:09:39.675,1.52684,1.52708,1.00,1.00
2017.03.20 13:09:40.412,1.52683,1.52708,1.00,1.00
2017.03.20 13:09:40.801,1.52684,1.5271,1.00,1.00
2017.03.20 13:09:41.054,1.52694,1.52709,1.00,1.00
2017.03.20 13:09:41.155,1.52694,1.52711,1.00,1.00
2017.03.20 13:09:41.257,1.52694,1.52713,1.00,1.00
2017.03.20 13:09:41.458,1.52693,1.52716,1.00,1.00
2017.03.20 13:09:41.610,1.52693,1.52718,1.00,1.00
2017.03.20 13:09:42.484,1.52703,1.52719,1.00,1.00
2017.03.20 13:09:43.004,1.52703,1.5272,1.00,1.00
2017.03.20 13:09:43.940,1.52703,1.52721,1.00,1.00
2017.03.20 13:09:44.141,1.52693,1.52719,1.50,1.00
2017.03.20 13:09:44.382,1.52703,1.5272,1.00,1.00
2017.03.20 13:09:44.533,1.52703,1.52722,1.00,1.00
2017.03.20 13:09:44.735,1.52703,1.52727,1.00,1.60
2017.03.20 13:09:45.337,1.52703,1.52725,1.00,1.00
2017.03.20 13:09:45.388,1.52703,1.52723,1.00,1.00
2017.03.20 13:09:46.328,1.52703,1.52721,1.00,1.00
2017.03.20 13:09:46.912,1.52703,1.52723,1.00,1.00
2017.03.20 13:09:47.117,1.52703,1.52721,1.00,1.00
2017.03.20 13:09:47.451,1.52703,1.52719,1.00,1.00
2017.03.20 13:09:47.757,1.52703,1.52721,1.00,1.00
2017.03.20 13:09:48.289,1.52703,1.52719,1.00,1.00
2017.03.20 13:09:48.642,1.52694,1.52721,1.00,1.00
2017.03.20 13:09:48.743,1.52694,1.52719,1.00,1.00
2017.03.20 13:09:49.056,1.52704,1.52725,1.00,1.00
2017.03.20 13:09:49.208,1.52696,1.52726,1.00,1.00
2017.03.20 13:09:49.363,1.52696,1.52722,1.00,1.00
2017.03.20 13:09:49.413,1.52696,1.52724,1.00,1.00
2017.03.20 13:09:49.464,1.52704,1.52724,1.00,1.00
2017.03.20 13:09:49.514,1.52704,1.52728,1.00,1.00
2017.03.20 13:09:49.832,1.52704,1.52721,1.00,1.00
2017.03.20 13:09:53.593,1.52704,1.5272,1.00,1.00
2017.03.20 13:09:54.153,1.52704,1.52718,1.00,1.00
2017.03.20 13:09:54.254,1.52704,1.5272,1.00,1.00
2017.03.20 13:09:54.304,1.52704,1.52718,1.00,1.00
2017.03.20 13:09:56.255,1.52704,1.5272,1.00,1.00
2017.03.20 13:09:57.145,1.52704,1.52719,1.00,1.00
2017.03.20 13:09:57.297,1.52714,1.52726,1.00,1.00
2017.03.20 13:09:57.814,1.52714,1.52727,1.00,1.00
2017.03.20 13:09:57.865,1.52703,1.52723,1.00,1.00
2017.03.20 13:09:57.916,1.52703,1.52727,1.00,1.00
2017.03.20 13:09:58.563,1.52703,1.52728,1.00,1.00
2017.03.20 13:09:58.816,1.52704,1.5273,1.00,1.00
2017.03.20 13:09:58.866,1.52704,1.52724,1.00,1.00
2017.03.20 13:09:58.917,1.52704,1.52726,1.00,1.00
2017.03.20 13:09:58.968,1.52704,1.52722,1.00,1.00
2017.03.20 13:09:59.018,1.52704,1.52725,1.00,1.00
2017.03.20 13:09:59.270,1.52703,1.5272,1.00,1.00
2017.03.20 13:09:59.794,1.52703,1.52721,1.00,1.00
2017.03.20 13:10:00.320,1.52703,1.5272,1.00,1.00
2017.03.20 13:10:00.624,1.52703,1.52722,1.00,1.00
2017.03.20 13:10:01.166,1.52703,1.52721,1.00,1.00
2017.03.20 13:10:01.962,1.52703,1.52722,1.00,1.00
2017.03.20 13:10:02.494,1.52704,1.5272,1.00,1.00
2017.03.20 13:10:02.789,1.52696,1.52719,1.00,1.00
2017.03.20 13:10:02.840,1.52694,1.52721,1.00,1.00
2017.03.20 13:10:02.992,1.52694,1.52718,1.00,1.00
2017.03.20 13:10:03.339,1.52704,1.52718,1.00,1.00
2017.03.20 13:10:03.440,1.52704,1.52722,1.00,1.00
2017.03.20 13:10:03.541,1.52695,1.52721,1.00,1.00
2017.03.20 13:10:03.692,1.52704,1.52722,1.00,1.00
2017.03.20 13:10:04.316,1.52704,1.52723,1.00,1.00
2017.03.20 13:10:05.028,1.52704,1.52722,1.00,1.00
2017.03.20 13:10:05.188,1.52704,1.52724,1.00,1.00
2017.03.20 13:10:05.239,1.52704,1.52722,1.00,1.00
2017.03.20 13:10:05.558,1.52704,1.52724,1.00,1.00
2017.03.20 13:10:06.192,1.52704,1.52723,1.00,1.00
2017.03.20 13:10:07.894,1.52704,1.52724,1.00,1.00
2017.03.20 13:10:08.855,1.52704,1.52723,1.00,1.00
2017.03.20 13:10:09.381,1.52704,1.52724,1.00,1.00
2017.03.20 13:10:10.087,1.52704,1.52725,1.00,1.00
2017.03.20 13:10:10.881,1.52704,1.52724,1.00,1.00
2017.03.20 13:10:11.492,1.52704,1.52725,1.00,1.00
2017.03.20 13:10:12.007,1.52704,1.52724,1.00,1.00
2017.03.20 13:10:12.833,1.52704,1.52725,1.00,1.00
2017.03.20 13:10:13.237,1.52703,1.52728,1.00,1.00
2017.03.20 13:10:13.337,1.52704,1.5273,1.00,1.00
2017.03.20 13:10:13.491,1.52714,1.52728,1.00,1.00
2017.03.20 13:10:13.997,1.52714,1.52729,1.00,1.00
2017.03.20 13:10:14.647,1.52714,1.52728,1.00,1.00
2017.03.20 13:10:14.983,1.52704,1.52729,1.00,1.00
2017.03.20 13:10:15.536,1.52703,1.52728,1.00,1.00
2017.03.20 13:10:16.721,1.52703,1.52729,1.00,1.00
2017.03.20 13:10:17.853,1.52703,1.52734,1.00,1.00
2017.03.20 13:10:17.903,1.52703,1.52729,1.00,1.00
2017.03.20 13:10:18.219,1.52703,1.52727,1.00,1.00
2017.03.20 13:10:18.743,1.52703,1.52728,1.00,1.00
2017.03.20 13:10:20.291,1.52703,1.52729,1.00,1.50
2017.03.20 13:10:20.902,1.52703,1.52728,1.00,1.00
2017.03.20 13:10:21.510,1.52703,1.52729,1.00,1.50
2017.03.20 13:10:21.857,1.52703,1.52723,1.00,1.00
2017.03.20 13:10:22.714,1.52703,1.52724,1.00,1.00
2017.03.20 13:10:23.351,1.52703,1.52723,1.00,1.00
2017.03.20 13:10:24.168,1.52709,1.52723,1.00,1.00
2017.03.20 13:10:24.219,1.52711,1.52734,1.00,1.50
2017.03.20 13:10:24.322,1.52713,1.52734,1.00,1.00
2017.03.20 13:10:24.624,1.52714,1.52731,1.00,1.00
2017.03.20 13:10:24.725,1.52714,1.52733,1.00,1.00
2017.03.20 13:10:25.246,1.52714,1.52732,1.00,1.00
2017.03.20 13:10:25.753,1.52714,1.52733,1.00,1.00
2017.03.20 13:10:25.854,1.52713,1.5273,1.00,1.00
2017.03.20 13:10:25.954,1.52713,1.52732,1.00,1.00
2017.03.20 13:10:26.513,1.52714,1.52731,1.00,1.00
2017.03.20 13:10:27.018,1.52713,1.52731,1.00,1.00
2017.03.20 13:10:27.583,1.52714,1.52731,1.00,1.00
2017.03.20 13:10:28.153,1.52714,1.5273,1.00,1.00
2017.03.20 13:10:28.406,1.52714,1.52732,1.00,1.00
2017.03.20 13:10:28.456,1.52714,1.5273,1.00,1.00
2017.03.20 13:10:29.073,1.52714,1.52731,1.00,1.00
2017.03.20 13:10:29.174,1.52704,1.52727,1.00,1.00
2017.03.20 13:10:29.431,1.52713,1.52727,1.00,1.00
2017.03.20 13:10:29.482,1.52713,1.5273,1.00,1.00
2017.03.20 13:10:30.312,1.52713,1.52729,1.00,1.00
2017.03.20 13:10:30.668,1.52713,1.52731,1.00,1.00
2017.03.20 13:10:31.215,1.52713,1.5273,1.00,1.00
2017.03.20 13:10:31.732,1.52713,1.52729,1.00,1.00
2017.03.20 13:10:32.276,1.52713,1.5273,1.00,1.00
2017.03.20 13:10:32.558,1.52713,1.52728,1.00,1.00
2017.03.20 13:10:32.764,1.52713,1.5273,1.00,1.00
2017.03.20 13:10:33.308,1.52713,1.52731,1.00,1.00
2017.03.20 13:10:33.929,1.52714,1.5273,1.00,1.00
2017.03.20 13:10:34.335,1.52714,1.52728,1.00,1.00
2017.03.20 13:10:34.536,1.52704,1.52725,1.00,1.00
2017.03.20 13:10:35.043,1.52704,1.52724,1.00,1.00
2017.03.20 13:10:35.377,1.52703,1.52726,1.00,1.00
2017.03.20 13:10:36.087,1.52704,1.52725,1.00,1.00
2017.03.20 13:10:36.747,1.52704,1.52726,1.00,1.00
2017.03.20 13:10:37.406,1.52704,1.52725,1.00,1.00
2017.03.20 13:10:38.119,1.52704,1.52726,1.00,1.00
2017.03.20 13:10:39.362,1.52704,1.52727,1.00,1.00
2017.03.20 13:10:39.564,1.52704,1.52723,1.00,1.00
2017.03.20 13:10:40.019,1.52704,1.52728,1.00,1.00
2017.03.20 13:10:40.315,1.52696,1.52728,1.37,1.00
2017.03.20 13:10:40.366,1.52699,1.52728,1.00,1.00
2017.03.20 13:10:40.668,1.52713,1.52733,1.00,1.00
2017.03.20 13:10:41.027,1.52713,1.52729,1.00,1.00
2017.03.20 13:10:41.229,1.52713,1.52731,1.00,1.00
2017.03.20 13:10:41.781,1.52713,1.5273,1.00,1.00
2017.03.20 13:10:42.459,1.52713,1.52729,1.00,1.00
2017.03.20 13:10:42.535,1.52705,1.52729,1.00,1.00
2017.03.20 13:10:43.125,1.52705,1.5273,1.00,1.00
2017.03.20 13:10:43.672,1.52705,1.52729,1.00,1.00
2017.03.20 13:10:44.177,1.52704,1.52729,1.00,1.00
2017.03.20 13:10:44.793,1.52704,1.5273,1.00,1.00
2017.03.20 13:10:45.543,1.52704,1.52729,1.00,1.00
2017.03.20 13:10:46.051,1.52714,1.5273,1.00,1.00
2017.03.20 13:10:46.649,1.52714,1.52731,1.00,1.00
2017.03.20 13:10:47.197,1.52714,1.5273,1.00,1.00
2017.03.20 13:10:47.746,1.52714,1.52729,1.00,1.00
2017.03.20 13:10:48.924,1.52714,1.5273,1.00,1.00
2017.03.20 13:10:50.340,1.52714,1.52729,1.00,1.00
2017.03.20 13:10:50.528,1.52714,1.52731,1.00,1.00
2017.03.20 13:10:50.762,1.52714,1.52729,1.00,1.00
2017.03.20 13:10:50.813,1.52714,1.52731,1.00,1.00
2017.03.20 13:10:52.036,1.52714,1.52732,1.00,1.00
2017.03.20 13:10:52.111,1.52714,1.52737,1.00,1.00
2017.03.20 13:10:52.427,1.52714,1.52741,1.50,1.00
2017.03.20 13:10:52.527,1.52724,1.52742,1.00,1.00
2017.03.20 13:10:52.970,1.52724,1.5274,1.00,1.00
2017.03.20 13:10:53.532,1.52724,1.52739,1.00,1.00
2017.03.20 13:10:54.123,1.52724,1.5274,1.00,1.00
2017.03.20 13:10:54.665,1.52724,1.52739,1.00,1.00
2017.03.20 13:10:55.218,1.52724,1.52738,1.00,1.00
2017.03.20 13:10:55.616,1.52714,1.52739,1.00,1.00
2017.03.20 13:10:55.717,1.52715,1.52741,1.00,1.00
2017.03.20 13:10:55.767,1.52724,1.52742,1.00,1.00
2017.03.20 13:10:56.316,1.52724,1.52743,1.00,1.00
2017.03.20 13:10:56.747,1.52724,1.5274,1.00,1.00
2017.03.20 13:10:56.960,1.52716,1.52739,1.00,1.00
2017.03.20 13:10:57.111,1.52716,1.52741,1.00,1.00
2017.03.20 13:10:57.464,1.52724,1.5274,1.00,1.00
2017.03.20 13:10:58.472,1.52724,1.52741,1.00,1.00
2017.03.20 13:10:59.221,1.52724,1.5274,1.00,1.00
2017.03.20 13:10:59.770,1.52716,1.52739,1.00,1.00
2017.03.20 13:11:00.072,1.52724,1.52739,1.00,1.00
2017.03.20 13:11:00.659,1.52724,1.5274,1.00,1.00
2017.03.20 13:11:00.882,1.52717,1.52739,1.00,1.00
2017.03.20 13:11:00.933,1.52714,1.5274,1.00,1.00
2017.03.20 13:11:00.983,1.52714,1.52737,1.00,1.00
2017.03.20 13:11:01.311,1.52723,1.52736,1.00,1.00
2017.03.20 13:11:01.861,1.52723,1.52737,1.00,1.00
2017.03.20 13:11:02.191,1.52713,1.52736,1.00,1.00
2017.03.20 13:11:02.242,1.52723,1.52735,1.00,1.00
2017.03.20 13:11:02.292,1.52723,1.52738,1.00,1.00
2017.03.20 13:11:02.343,1.52723,1.5274,1.00,1.00
2017.03.20 13:11:02.444,1.52714,1.5274,1.00,1.00
2017.03.20 13:11:03.004,1.52714,1.52739,1.00,1.00
2017.03.20 13:11:03.322,1.52724,1.52738,1.00,1.00
2017.03.20 13:11:03.372,1.52713,1.52738,1.00,1.00
2017.03.20 13:11:03.935,1.52713,1.52739,1.00,1.00
2017.03.20 13:11:05.531,1.52723,1.52738,1.00,1.00
2017.03.20 13:11:05.632,1.52723,1.52741,1.00,1.00
2017.03.20 13:11:05.683,1.52723,1.52743,1.00,1.00
2017.03.20 13:11:06.093,1.52723,1.52741,1.00,1.00
2017.03.20 13:11:06.633,1.52723,1.5274,1.00,1.00
2017.03.20 13:11:07.142,1.52723,1.52742,1.00,1.00
2017.03.20 13:11:07.345,1.52723,1.5274,1.00,1.00
2017.03.20 13:11:07.396,1.52723,1.52742,1.00,1.00
2017.03.20 13:11:08.350,1.52723,1.52741,1.00,1.00
2017.03.20 13:11:08.854,1.52724,1.5274,1.00,1.00
2017.03.20 13:11:09.903,1.52724,1.52742,1.00,1.00
2017.03.20 13:11:09.954,1.52724,1.5274,1.00,1.00
2017.03.20 13:11:10.525,1.52724,1.52739,1.00,1.00
2017.03.20 13:11:11.350,1.52723,1.5274,1.00,1.00
2017.03.20 13:11:12.006,1.52724,1.52739,1.00,1.00
2017.03.20 13:11:12.207,1.52723,1.52742,1.00,1.00
2017.03.20 13:11:12.258,1.52714,1.52739,1.00,1.00
2017.03.20 13:11:12.509,1.52715,1.52737,1.00,1.00
2017.03.20 13:11:12.560,1.52715,1.52742,1.00,1.00
2017.03.20 13:11:12.661,1.52724,1.52742,1.00,1.00
2017.03.20 13:11:13.403,1.52723,1.52742,1.00,1.00
2017.03.20 13:11:13.555,1.52713,1.52739,1.00,1.00
2017.03.20 13:11:13.656,1.52724,1.52739,1.00,1.00
2017.03.20 13:11:13.757,1.52714,1.52737,1.00,1.12
2017.03.20 13:11:13.908,1.52713,1.52733,1.00,1.00
2017.03.20 13:11:14.126,1.52713,1.52737,1.00,1.37
2017.03.20 13:11:14.277,1.52713,1.52733,1.00,1.00
2017.03.20 13:11:14.793,1.52713,1.52732,1.00,1.00
2017.03.20 13:11:15.095,1.52714,1.5273,1.00,1.00
2017.03.20 13:11:15.398,1.52714,1.52727,1.00,1.00
2017.03.20 13:11:15.448,1.52704,1.52727,1.00,1.00
2017.03.20 13:11:15.712,1.52704,1.52725,1.00,1.00
2017.03.20 13:11:16.115,1.52704,1.52727,1.00,1.00
2017.03.20 13:11:16.216,1.52713,1.52727,1.00,1.00
2017.03.20 13:11:16.367,1.52713,1.5273,1.00,1.00
2017.03.20 13:11:16.991,1.52713,1.52728,1.00,1.00
2017.03.20 13:11:18.181,1.52713,1.52729,1.00,1.00
2017.03.20 13:11:18.683,1.52713,1.52728,1.00,1.00
2017.03.20 13:11:19.240,1.52713,1.52729,1.00,1.00
2017.03.20 13:11:19.658,1.52713,1.52734,1.00,1.00
2017.03.20 13:11:20.181,1.52713,1.52735,1.00,1.00
2017.03.20 13:11:20.383,1.52714,1.52732,1.00,1.00
2017.03.20 13:11:21.006,1.52714,1.52731,1.00,1.00
2017.03.20 13:11:22.002,1.52714,1.5273,1.00,1.00
2017.03.20 13:11:22.052,1.52714,1.52732,1.00,1.00
2017.03.20 13:11:22.655,1.52713,1.52731,1.00,1.00
2017.03.20 13:11:23.307,1.52713,1.52732,1.00,1.00
2017.03.20 13:11:23.509,1.52724,1.52735,1.00,1.00
2017.03.20 13:11:23.560,1.52724,1.52737,1.00,1.00
2017.03.20 13:11:23.661,1.52723,1.52743,1.00,1.00
2017.03.20 13:11:23.862,1.52733,1.52743,1.00,1.00
2017.03.20 13:11:23.913,1.52723,1.52757,1.50,1.00
2017.03.20 13:11:24.014,1.52723,1.52753,1.00,1.00
2017.03.20 13:11:24.352,1.52734,1.52755,1.00,1.00
2017.03.20 13:11:24.453,1.52734,1.52758,1.00,1.00
2017.03.20 13:11:24.714,1.52733,1.52753,1.00,1.00
2017.03.20 13:11:25.218,1.52734,1.52754,1.00,1.00
2017.03.20 13:11:25.767,1.52734,1.52753,1.00,1.00
2017.03.20 13:11:26.376,1.52734,1.52754,1.00,1.00
2017.03.20 13:11:26.911,1.52733,1.52753,1.00,1.00
2017.03.20 13:11:27.697,1.52733,1.52754,1.00,1.00
2017.03.20 13:11:28.246,1.52733,1.52753,1.00,1.00
2017.03.20 13:11:28.923,1.52734,1.52753,1.00,1.00
2017.03.20 13:11:29.504,1.52734,1.52754,1.00,1.00
2017.03.20 13:11:29.839,1.52734,1.52752,1.00,1.00
2017.03.20 13:11:30.113,1.52734,1.52754,1.00,1.00
2017.03.20 13:11:30.668,1.52734,1.52753,1.00,1.00
2017.03.20 13:11:31.197,1.52733,1.52753,1.00,1.00
2017.03.20 13:11:31.348,1.52733,1.52751,1.00,1.00
2017.03.20 13:11:31.877,1.52734,1.5275,1.00,1.00
2017.03.20 13:11:32.423,1.52734,1.52751,1.00,1.00
2017.03.20 13:11:32.966,1.52734,1.52752,1.00,1.00
2017.03.20 13:11:33.892,1.52734,1.52753,1.00,1.00
2017.03.20 13:11:34.742,1.52734,1.52752,1.00,1.00
2017.03.20 13:11:39.634,1.52734,1.52753,1.00,1.00
2017.03.20 13:11:39.735,1.52734,1.52755,1.00,1.00
2017.03.20 13:11:39.914,1.52734,1.52753,1.00,1.00
2017.03.20 13:11:40.383,1.52734,1.52755,1.00,1.00
2017.03.20 13:11:41.584,1.52734,1.52754,1.00,1.00
2017.03.20 13:11:41.735,1.52734,1.52752,1.00,1.00
2017.03.20 13:11:42.038,1.52734,1.52754,1.00,1.00
2017.03.20 13:11:42.189,1.52734,1.52752,1.00,1.00
2017.03.20 13:11:42.732,1.52734,1.52753,1.00,1.00
2017.03.20 13:11:43.121,1.52734,1.5275,1.00,1.00
2017.03.20 13:11:43.632,1.52734,1.52752,1.00,1.00
2017.03.20 13:11:43.683,1.52724,1.5275,1.50,1.00
2017.03.20 13:11:43.786,1.52724,1.52752,1.50,1.00
2017.03.20 13:11:43.937,1.52734,1.52751,1.00,1.00
2017.03.20 13:11:44.552,1.52734,1.5275,1.00,1.00
2017.03.20 13:11:45.024,1.52724,1.52749,1.00,1.00
2017.03.20 13:11:45.225,1.52723,1.52745,1.00,1.00
2017.03.20 13:11:45.276,1.52723,1.52747,1.00,1.00
2017.03.20 13:11:45.377,1.52734,1.52749,1.00,1.00
2017.03.20 13:11:45.963,1.52734,1.52748,1.00,1.00
2017.03.20 13:11:48.081,1.52734,1.52747,1.00,1.00
2017.03.20 13:11:49.338,1.52723,1.52747,1.00,1.00
2017.03.20 13:11:49.667,1.52723,1.52744,1.00,1.00
2017.03.20 13:11:49.969,1.52734,1.52748,1.00,1.00
2017.03.20 13:11:50.280,1.52734,1.52746,1.00,1.00
2017.03.20 13:11:51.103,1.52734,1.52745,1.00,1.00
2017.03.20 13:11:51.467,1.52724,1.52746,1.00,1.00
2017.03.20 13:11:51.682,1.52733,1.52745,1.00,1.00
2017.03.20 13:11:52.644,1.52734,1.52746,1.00,1.00
2017.03.20 13:11:53.252,1.52733,1.52745,1.00,1.00
2017.03.20 13:11:53.767,1.52733,1.52746,1.00,1.00
2017.03.20 13:11:54.363,1.52733,1.52745,1.00,1.00
2017.03.20 13:11:54.414,1.52734,1.52747,1.00,1.00
2017.03.20 13:11:54.565,1.52723,1.52747,1.00,1.00
2017.03.20 13:11:54.835,1.52733,1.52746,1.00,1.00
2017.03.20 13:11:55.562,1.52733,1.52747,1.00,1.00
2017.03.20 13:11:56.222,1.52734,1.52746,1.00,1.00
2017.03.20 13:11:59.933,1.52734,1.52747,1.00,1.00
2017.03.20 13:12:00.258,1.52734,1.52745,1.00,1.00
2017.03.20 13:12:00.844,1.52734,1.52746,1.00,1.00
2017.03.20 13:12:01.592,1.52734,1.52745,1.00,1.00
2017.03.20 13:12:04.198,1.52733,1.52745,1.00,1.00
2017.03.20 13:12:04.974,1.52733,1.52746,1.00,1.00
2017.03.20 13:12:05.534,1.52733,1.52744,1.00,1.00
2017.03.20 13:12:06.140,1.52733,1.52745,1.00,1.00
2017.03.20 13:12:08.116,1.52733,1.52746,1.00,1.00
2017.03.20 13:12:08.635,1.52733,1.52745,1.00,1.00
2017.03.20 13:12:09.162,1.52734,1.52745,1.00,1.00
2017.03.20 13:12:09.940,1.52734,1.52746,1.00,1.00
2017.03.20 13:12:10.562,1.52734,1.52745,1.00,1.00
2017.03.20 13:12:10.721,1.52734,1.52747,1.00,1.00
2017.03.20 13:12:10.822,1.52734,1.52745,1.00,1.00
2017.03.20 13:12:11.452,1.52734,1.52746,1.00,1.00
2017.03.20 13:12:12.445,1.52734,1.52745,1.00,1.00
2017.03.20 13:12:15.008,1.52733,1.52743,1.00,1.00
2017.03.20 13:12:15.300,1.52723,1.5274,1.00,1.00
2017.03.20 13:12:15.652,1.52724,1.52738,1.00,1.00
2017.03.20 13:12:16.175,1.52724,1.52739,1.00,1.00
2017.03.20 13:12:16.959,1.52724,1.52738,1.00,1.00
2017.03.20 13:12:17.465,1.52724,1.52739,1.00,1.00
2017.03.20 13:12:18.400,1.52723,1.52738,1.00,1.00
2017.03.20 13:12:18.702,1.52723,1.52736,1.00,1.00
2017.03.20 13:12:19.215,1.52723,1.52737,1.00,1.00
2017.03.20 13:12:19.875,1.52723,1.52738,1.00,1.00
2017.03.20 13:12:20.197,1.52729,1.5274,1.00,1.00
2017.03.20 13:12:20.398,1.52724,1.52738,1.00,1.00
2017.03.20 13:12:20.499,1.52728,1.52739,1.00,1.00
2017.03.20 13:12:20.550,1.52724,1.52741,1.00,1.00
2017.03.20 13:12:20.601,1.52714,1.52739,1.00,1.00
2017.03.20 13:12:20.651,1.52714,1.5273,1.00,1.00
2017.03.20 13:12:20.807,1.52714,1.52737,1.00,1.00
2017.03.20 13:12:20.858,1.52714,1.52742,1.00,1.00
2017.03.20 13:12:21.060,1.52723,1.52742,1.00,1.00
2017.03.20 13:12:21.543,1.52723,1.52736,1.00,1.00
2017.03.20 13:12:21.694,1.52723,1.52738,1.00,1.00
2017.03.20 13:12:22.215,1.52723,1.52739,1.00,1.00
2017.03.20 13:12:22.810,1.52723,1.52738,1.00,1.00
2017.03.20 13:12:23.334,1.52723,1.52739,1.00,1.00
2017.03.20 13:12:24.179,1.52723,1.52738,1.00,1.00
2017.03.20 13:12:24.330,1.52723,1.5274,1.00,1.00
2017.03.20 13:12:24.486,1.52723,1.52742,1.00,1.00
2017.03.20 13:12:25.101,1.52723,1.52741,1.00,1.00
2017.03.20 13:12:25.640,1.52724,1.52742,1.00,1.00
2017.03.20 13:12:25.742,1.52732,1.52742,1.00,1.00
2017.03.20 13:12:25.966,1.52733,1.52744,1.00,1.00
2017.03.20 13:12:26.515,1.52733,1.52743,1.00,1.00
2017.03.20 13:12:26.921,1.52734,1.52745,1.00,1.00
2017.03.20 13:12:26.972,1.52733,1.52743,1.00,1.00
2017.03.20 13:12:27.113,1.52724,1.52743,1.00,1.00
2017.03.20 13:12:27.643,1.52723,1.52741,1.00,1.00
2017.03.20 13:12:27.952,1.52734,1.5275,1.00,1.00
2017.03.20 13:12:28.417,1.52723,1.5275,1.00,1.00
2017.03.20 13:12:28.783,1.52723,1.52744,1.00,1.00
2017.03.20 13:12:29.086,1.52734,1.52745,1.00,1.00
2017.03.20 13:12:29.961,1.52734,1.52746,1.00,1.00
2017.03.20 13:12:30.455,1.52724,1.52745,1.00,1.00
2017.03.20 13:12:30.556,1.52724,1.52748,1.00,1.00
2017.03.20 13:12:30.707,1.52733,1.52746,1.00,1.00
2017.03.20 13:12:30.819,1.52724,1.52746,1.00,1.00
2017.03.20 13:12:30.919,1.52733,1.52747,1.00,1.00
2017.03.20 13:12:30.970,1.52723,1.52744,1.00,1.00
2017.03.20 13:12:31.071,1.52724,1.52741,1.00,1.00
2017.03.20 13:12:31.384,1.52723,1.52739,1.00,1.00
2017.03.20 13:12:32.133,1.52724,1.52739,1.00,1.00
2017.03.20 13:12:33.566,1.52724,1.5274,1.00,1.00
2017.03.20 13:12:34.293,1.52724,1.52739,1.00,1.00
2017.03.20 13:12:35.010,1.52724,1.52743,1.00,1.00
2017.03.20 13:12:35.511,1.52731,1.52743,1.00,1.00
2017.03.20 13:12:36.232,1.52732,1.52742,1.00,1.00
2017.03.20 13:12:36.666,1.52732,1.52744,1.00,1.00
2017.03.20 13:12:37.215,1.52724,1.5274,1.00,1.00
2017.03.20 13:12:37.316,1.52724,1.52742,1.00,1.50
2017.03.20 13:12:38.263,1.52724,1.52743,1.00,1.00
2017.03.20 13:12:38.812,1.52724,1.52742,1.00,1.00
2017.03.20 13:12:39.376,1.52724,1.52743,1.00,1.00
2017.03.20 13:12:39.916,1.52724,1.52745,1.00,1.00
2017.03.20 13:12:39.966,1.52733,1.52745,1.00,1.00
2017.03.20 13:12:40.932,1.52724,1.52746,1.00,1.00
2017.03.20 13:12:41.135,1.52724,1.52744,1.00,1.00
2017.03.20 13:12:41.872,1.52724,1.52745,1.00,1.00
2017.03.20 13:12:42.178,1.52733,1.52744,1.00,1.00
2017.03.20 13:12:42.228,1.52723,1.52745,1.00,1.00
2017.03.20 13:12:42.819,1.52723,1.52744,1.00,1.00
2017.03.20 13:12:43.335,1.52723,1.52745,1.00,1.00
2017.03.20 13:12:44.116,1.52723,1.52744,1.00,1.00
2017.03.20 13:12:44.637,1.52723,1.52745,1.00,1.00
2017.03.20 13:12:45.187,1.52723,1.52746,1.00,1.00
2017.03.20 13:12:45.514,1.52733,1.52746,1.00,1.00
2017.03.20 13:12:45.877,1.52733,1.52748,1.00,1.00
2017.03.20 13:12:46.196,1.52733,1.52746,1.00,1.00
2017.03.20 13:12:46.831,1.52733,1.52745,1.00,1.00
2017.03.20 13:12:47.341,1.52733,1.52744,1.00,1.00
2017.03.20 13:12:47.952,1.52733,1.52745,1.00,1.00
2017.03.20 13:12:48.562,1.52733,1.52744,1.00,1.00
2017.03.20 13:12:49.082,1.52733,1.52745,1.00,1.00
2017.03.20 13:12:49.660,1.52733,1.52744,1.00,1.00
2017.03.20 13:12:50.192,1.52733,1.52745,1.00,1.00
2017.03.20 13:12:50.414,1.52724,1.52746,1.00,1.00
2017.03.20 13:12:51.102,1.52724,1.52745,1.00,1.00
2017.03.20 13:12:51.685,1.52724,1.52746,1.00,1.00
2017.03.20 13:12:51.836,1.52733,1.52745,1.00,1.50
2017.03.20 13:12:51.887,1.52724,1.52745,1.00,1.50
2017.03.20 13:12:52.089,1.52724,1.52747,1.00,1.00
2017.03.20 13:12:52.694,1.52724,1.52745,1.00,1.00
2017.03.20 13:12:52.847,1.52714,1.52742,1.00,1.00
2017.03.20 13:12:52.897,1.52714,1.52738,1.00,1.00
2017.03.20 13:12:52.948,1.52714,1.5274,1.00,1.00
2017.03.20 13:12:52.999,1.52714,1.52738,1.00,1.00
2017.03.20 13:12:53.301,1.52724,1.52736,1.00,1.50
2017.03.20 13:12:53.453,1.52713,1.52736,1.00,1.00
2017.03.20 13:12:54.052,1.52713,1.52733,1.00,1.00
2017.03.20 13:12:54.420,1.52723,1.52733,1.00,1.00
2017.03.20 13:12:54.558,1.52713,1.52734,1.00,1.00
2017.03.20 13:12:54.659,1.52722,1.52732,1.00,1.00
2017.03.20 13:12:54.760,1.52714,1.52733,1.00,1.00
2017.03.20 13:12:54.962,1.52714,1.52731,1.00,1.00
2017.03.20 13:12:55.194,1.52713,1.52733,1.00,1.00
2017.03.20 13:12:55.332,1.52713,1.52731,1.00,1.00
2017.03.20 13:12:55.584,1.52713,1.52734,1.00,1.00
2017.03.20 13:12:55.817,1.52714,1.5273,1.00,1.00
2017.03.20 13:12:56.491,1.52714,1.52731,1.00,1.00
2017.03.20 13:12:57.153,1.52714,1.5273,1.00,1.00
2017.03.20 13:12:58.141,1.52714,1.52731,1.00,1.00
2017.03.20 13:12:58.443,1.52714,1.52727,1.00,1.00
2017.03.20 13:12:59.133,1.52713,1.52728,1.00,1.00
2017.03.20 13:12:59.381,1.52713,1.5273,1.00,1.00
2017.03.20 13:12:59.898,1.52713,1.52731,1.00,1.00
2017.03.20 13:13:00.383,1.52714,1.52729,1.00,1.00
2017.03.20 13:13:00.718,1.52714,1.52732,1.00,1.00
2017.03.20 13:13:00.819,1.52714,1.5273,1.00,1.00
2017.03.20 13:13:01.370,1.52714,1.52729,1.00,1.00
2017.03.20 13:13:02.239,1.52714,1.5273,1.00,1.00
2017.03.20 13:13:02.749,1.52714,1.52729,1.00,1.00
2017.03.20 13:13:06.240,1.52703,1.52729,1.50,1.00
2017.03.20 13:13:06.492,1.52704,1.52726,1.00,1.00
2017.03.20 13:13:06.844,1.52704,1.52724,1.00,1.00
2017.03.20 13:13:07.386,1.52704,1.52723,1.00,1.00
2017.03.20 13:13:08.487,1.52704,1.52722,1.00,1.00
2017.03.20 13:13:08.640,1.52694,1.52722,1.12,1.00
2017.03.20 13:13:08.762,1.52704,1.52723,1.00,1.00
2017.03.20 13:13:09.623,1.52704,1.52722,1.00,1.00
2017.03.20 13:13:10.724,1.52704,1.52723,1.00,1.00
2017.03.20 13:13:11.243,1.52704,1.52725,1.00,1.00
2017.03.20 13:13:11.414,1.52697,1.52725,1.00,1.00
2017.03.20 13:13:11.642,1.52704,1.52725,1.00,1.00
2017.03.20 13:13:13.848,1.52704,1.52724,1.00,1.00
2017.03.20 13:13:14.742,1.52704,1.52725,1.00,1.00
2017.03.20 13:13:15.321,1.52704,1.52724,1.00,1.00
2017.03.20 13:13:17.336,1.52704,1.52725,1.00,1.00
2017.03.20 13:13:17.804,1.52704,1.52727,1.00,1.00
2017.03.20 13:13:18.495,1.52704,1.52726,1.00,1.00
2017.03.20 13:13:19.152,1.52704,1.52727,1.00,1.00
2017.03.20 13:13:19.684,1.52704,1.52728,1.00,1.50
2017.03.20 13:13:19.886,1.52704,1.52731,1.00,1.50
2017.03.20 13:13:19.987,1.52704,1.52728,1.00,1.00
2017.03.20 13:13:20.038,1.52704,1.5273,1.00,1.00
2017.03.20 13:13:20.139,1.52703,1.52734,1.00,1.00
2017.03.20 13:13:20.664,1.52713,1.52734,1.00,1.00
2017.03.20 13:13:20.996,1.52713,1.52732,1.00,1.00
2017.03.20 13:13:21.488,1.52705,1.52735,1.00,1.50
2017.03.20 13:13:21.640,1.52704,1.5273,1.50,1.00
2017.03.20 13:13:21.983,1.52704,1.52733,1.00,1.00
2017.03.20 13:13:22.175,1.52703,1.52726,1.00,1.00
2017.03.20 13:13:22.226,1.52703,1.52733,1.00,1.00
2017.03.20 13:13:22.427,1.52713,1.52733,1.00,1.00
2017.03.20 13:13:22.735,1.52713,1.52729,1.00,1.00
2017.03.20 13:13:23.175,1.52713,1.52726,1.00,1.00
2017.03.20 13:13:23.226,1.52703,1.52727,1.00,1.00
2017.03.20 13:13:23.751,1.52703,1.52726,1.00,1.00
2017.03.20 13:13:24.290,1.52703,1.52727,1.00,1.00
2017.03.20 13:13:24.812,1.52703,1.52726,1.00,1.00
2017.03.20 13:13:24.999,1.52703,1.52729,1.00,1.00
2017.03.20 13:13:25.049,1.52703,1.52727,1.00,1.00
2017.03.20 13:13:26.998,1.52703,1.52726,1.00,1.00
2017.03.20 13:13:27.505,1.52703,1.52727,1.00,1.00
2017.03.20 13:13:28.223,1.52703,1.52728,1.00,1.00
2017.03.20 13:13:30.281,1.52703,1.52727,1.00,1.00
2017.03.20 13:13:31.128,1.52704,1.52727,1.00,1.00
2017.03.20 13:13:31.381,1.52704,1.52735,1.00,1.50
2017.03.20 13:13:31.431,1.52713,1.52732,1.00,1.00
2017.03.20 13:13:31.833,1.52713,1.52729,1.00,1.00
2017.03.20 13:13:32.373,1.52713,1.52728,1.00,1.00
2017.03.20 13:13:33.024,1.52713,1.52729,1.00,1.00
2017.03.20 13:13:33.125,1.52703,1.52728,1.00,1.00
2017.03.20 13:13:33.327,1.52714,1.52728,1.00,1.00
2017.03.20 13:13:33.862,1.52714,1.52729,1.00,1.00
2017.03.20 13:13:34.571,1.52714,1.52728,1.00,1.00
2017.03.20 13:13:35.361,1.52714,1.52729,1.00,1.00
2017.03.20 13:13:36.664,1.52714,1.52728,1.00,1.00
2017.03.20 13:13:37.093,1.52714,1.52731,1.00,1.00
2017.03.20 13:13:38.857,1.52703,1.52728,1.00,1.00
2017.03.20 13:13:39.472,1.52704,1.52729,1.00,1.00
2017.03.20 13:13:40.423,1.52704,1.5273,1.00,1.00
2017.03.20 13:13:41.123,1.52704,1.52729,1.00,1.00
2017.03.20 13:13:41.498,1.52704,1.52731,1.00,1.00
2017.03.20 13:13:41.650,1.52714,1.52731,1.00,1.00
2017.03.20 13:13:42.251,1.52714,1.5273,1.00,1.00
2017.03.20 13:13:42.893,1.52714,1.52731,1.00,1.00
2017.03.20 13:13:44.402,1.52714,1.5273,1.00,1.00
2017.03.20 13:13:45.066,1.52714,1.52731,1.00,1.00
2017.03.20 13:13:45.615,1.52714,1.5273,1.00,1.00
2017.03.20 13:13:46.503,1.52714,1.52731,1.00,1.00
2017.03.20 13:13:47.033,1.52714,1.5273,1.00,1.00
2017.03.20 13:13:47.452,1.52704,1.52729,1.00,1.00
2017.03.20 13:13:47.502,1.52714,1.5273,1.00,1.00
2017.03.20 13:13:47.704,1.52714,1.52733,1.00,1.00
2017.03.20 13:13:48.050,1.52714,1.52729,1.00,1.00
2017.03.20 13:13:48.552,1.52714,1.5273,1.00,1.00
2017.03.20 13:13:49.094,1.52714,1.52729,1.00,1.00
2017.03.20 13:13:49.346,1.52714,1.52732,1.00,1.00
2017.03.20 13:13:49.448,1.52714,1.5273,1.00,1.00
2017.03.20 13:13:49.548,1.52704,1.52729,1.00,1.00
2017.03.20 13:13:50.056,1.52704,1.5273,1.00,1.00
2017.03.20 13:13:50.601,1.52704,1.52729,1.00,1.00
2017.03.20 13:13:51.102,1.52704,1.5273,1.00,1.00
2017.03.20 13:13:51.612,1.52704,1.52729,1.00,1.00
2017.03.20 13:13:52.523,1.52714,1.5273,1.00,1.00
2017.03.20 13:13:52.857,1.52704,1.52726,1.00,1.00
2017.03.20 13:13:53.363,1.52704,1.52725,1.00,1.00
2017.03.20 13:13:54.214,1.52704,1.52726,1.00,1.00
2017.03.20 13:13:54.816,1.52704,1.52725,1.00,1.00
2017.03.20 13:13:55.018,1.52704,1.5273,1.00,1.00
2017.03.20 13:13:55.421,1.52704,1.52732,1.00,1.00
2017.03.20 13:13:55.977,1.52704,1.52731,1.00,1.00
2017.03.20 13:13:56.452,1.52714,1.5273,1.00,1.00
2017.03.20 13:13:57.001,1.52714,1.52729,1.00,1.00
2017.03.20 13:13:57.323,1.52703,1.5273,1.00,1.00
2017.03.20 13:13:57.424,1.52703,1.52728,1.00,1.00
2017.03.20 13:13:57.936,1.52704,1.52729,1.00,1.00
2017.03.20 13:13:58.453,1.52704,1.52728,1.00,1.00
2017.03.20 13:13:59.046,1.52704,1.52727,1.00,1.00
2017.03.20 13:13:59.574,1.52704,1.52728,1.00,1.00
2017.03.20 13:14:00.168,1.52703,1.52728,1.00,1.00
2017.03.20 13:14:00.370,1.52703,1.5273,1.00,1.00
2017.03.20 13:14:00.962,1.52704,1.52729,1.00,1.00
2017.03.20 13:14:01.415,1.52714,1.52728,1.00,1.00
2017.03.20 13:14:02.003,1.52714,1.52729,1.00,1.00
2017.03.20 13:14:02.469,1.52704,1.52729,1.00,1.50
2017.03.20 13:14:02.745,1.52703,1.52726,1.00,1.00
2017.03.20 13:14:03.056,1.52704,1.52724,1.00,1.00
2017.03.20 13:14:03.349,1.52704,1.52726,1.00,1.00
2017.03.20 13:14:03.450,1.52703,1.52728,1.00,1.35
2017.03.20 13:14:03.500,1.52704,1.5272,1.00,1.00
2017.03.20 13:14:03.551,1.52704,1.52727,1.00,1.00
2017.03.20 13:14:03.652,1.52697,1.52727,1.00,1.50
2017.03.20 13:14:03.753,1.52703,1.52727,1.00,1.50
2017.03.20 13:14:04.087,1.52703,1.52724,1.00,1.00
2017.03.20 13:14:04.389,1.52694,1.52718,1.50,1.00
2017.03.20 13:14:04.754,1.52694,1.52715,1.00,1.00
2017.03.20 13:14:05.050,1.52693,1.52719,1.00,1.00
2017.03.20 13:14:05.218,1.52693,1.52723,1.50,3.00
2017.03.20 13:14:05.298,1.52704,1.52715,1.00,1.00
2017.03.20 13:14:05.349,1.52693,1.52715,1.50,1.00
2017.03.20 13:14:05.450,1.52693,1.52723,1.50,1.00
2017.03.20 13:14:06.423,1.52693,1.52715,1.50,1.00
2017.03.20 13:14:06.524,1.52693,1.52718,1.50,1.00
2017.03.20 13:14:06.832,1.52693,1.52715,1.50,1.00
2017.03.20 13:14:07.447,1.52693,1.52716,1.50,1.00
2017.03.20 13:14:07.999,1.52693,1.52715,1.00,1.00
2017.03.20 13:14:08.615,1.52693,1.52716,1.00,1.00
2017.03.20 13:14:08.829,1.52684,1.52711,1.50,1.00
2017.03.20 13:14:09.082,1.52694,1.5271,1.00,1.00
2017.03.20 13:14:09.960,1.52694,1.52709,1.00,1.00
2017.03.20 13:14:10.011,1.52694,1.52712,1.00,1.00
2017.03.20 13:14:10.619,1.52694,1.52713,1.00,1.50
2017.03.20 13:14:11.612,1.52694,1.52712,1.00,1.00
2017.03.20 13:14:12.369,1.52694,1.52713,1.00,1.00
2017.03.20 13:14:12.980,1.52694,1.52712,1.00,1.00
2017.03.20 13:14:14.629,1.52694,1.52713,1.00,1.00
2017.03.20 13:14:15.095,1.52694,1.5271,1.00,1.00
2017.03.20 13:14:15.722,1.52694,1.52712,1.00,1.00
2017.03.20 13:14:17.417,1.52694,1.52711,1.00,1.00
2017.03.20 13:14:17.809,1.52684,1.52711,1.50,1.00
2017.03.20 13:14:18.352,1.52684,1.52712,1.00,1.00
2017.03.20 13:14:18.456,1.52686,1.52711,1.00,1.00
2017.03.20 13:14:18.507,1.52684,1.52711,1.00,1.00
2017.03.20 13:14:18.558,1.52684,1.52715,1.00,1.00
2017.03.20 13:14:18.608,1.52684,1.52711,1.00,1.00
2017.03.20 13:14:18.709,1.52684,1.52715,1.00,1.50
2017.03.20 13:14:18.861,1.52684,1.52718,1.00,1.35
2017.03.20 13:14:19.225,1.52686,1.52716,1.00,1.00
2017.03.20 13:14:19.528,1.52693,1.52713,1.00,1.00
2017.03.20 13:14:19.679,1.52693,1.52715,1.00,1.00
2017.03.20 13:14:20.174,1.52687,1.52714,1.00,1.00
2017.03.20 13:14:20.302,1.5269,1.52714,1.00,1.00
2017.03.20 13:14:20.353,1.52688,1.52714,1.00,1.00
2017.03.20 13:14:20.454,1.52693,1.52713,1.00,1.00
2017.03.20 13:14:20.505,1.52693,1.52715,1.00,1.00
2017.03.20 13:14:20.691,1.52693,1.5272,1.00,1.00
2017.03.20 13:14:20.742,1.52693,1.52714,1.00,1.00
2017.03.20 13:14:20.974,1.52693,1.52716,1.00,1.00
2017.03.20 13:14:21.733,1.52693,1.52715,1.00,1.00
2017.03.20 13:14:22.250,1.52694,1.52716,1.00,1.00
2017.03.20 13:14:22.301,1.52694,1.52713,1.00,1.00
2017.03.20 13:14:22.352,1.52685,1.52713,1.00,1.00
2017.03.20 13:14:22.503,1.52685,1.52711,1.00,1.00
2017.03.20 13:14:22.846,1.52693,1.52711,1.00,1.00
2017.03.20 13:14:23.364,1.52693,1.52712,1.00,1.00
2017.03.20 13:14:23.865,1.52693,1.52711,1.00,1.00
2017.03.20 13:14:24.494,1.52693,1.52712,1.00,1.00
2017.03.20 13:14:25.419,1.52685,1.52712,1.00,1.00
2017.03.20 13:14:25.721,1.52694,1.52713,1.00,1.00
2017.03.20 13:14:25.823,1.52686,1.52714,1.00,1.00
2017.03.20 13:14:26.025,1.52684,1.52714,1.00,1.50
2017.03.20 13:14:26.076,1.52684,1.52712,1.00,1.00
2017.03.20 13:14:26.574,1.52693,1.52712,1.00,1.00
2017.03.20 13:14:27.077,1.52693,1.52711,1.00,1.00
2017.03.20 13:14:28.815,1.52693,1.52712,1.00,1.00
2017.03.20 13:14:29.118,1.52693,1.52709,1.00,1.00
2017.03.20 13:14:29.219,1.52684,1.52709,1.00,1.00
2017.03.20 13:14:29.901,1.52683,1.52709,1.00,1.00
2017.03.20 13:14:30.710,1.52683,1.52708,1.00,1.00
2017.03.20 13:14:30.811,1.52683,1.52706,1.00,1.00
2017.03.20 13:14:31.114,1.52683,1.52703,1.00,1.00
2017.03.20 13:14:31.215,1.52683,1.52705,1.00,1.00
2017.03.20 13:14:31.719,1.52684,1.52706,1.00,1.00
2017.03.20 13:14:32.118,1.52693,1.52705,1.00,1.00
2017.03.20 13:14:32.169,1.52693,1.52707,1.00,1.00
2017.03.20 13:14:32.270,1.52684,1.52707,1.00,1.50
2017.03.20 13:14:32.421,1.52684,1.52705,1.00,1.00
2017.03.20 13:14:32.994,1.52683,1.52705,1.00,1.00
2017.03.20 13:14:33.532,1.52684,1.52706,1.00,1.00
2017.03.20 13:14:33.885,1.52683,1.5271,1.00,1.00
2017.03.20 13:14:33.936,1.52683,1.52701,1.00,1.00
2017.03.20 13:14:34.087,1.52673,1.52696,1.00,1.00
2017.03.20 13:14:34.138,1.52673,1.52698,1.00,1.00
2017.03.20 13:14:34.289,1.52673,1.52693,1.00,1.00
2017.03.20 13:14:34.779,1.52666,1.52694,1.00,1.00
2017.03.20 13:14:34.930,1.52664,1.52694,1.00,1.00
2017.03.20 13:14:34.981,1.52673,1.52694,1.00,1.00
2017.03.20 13:14:35.654,1.52673,1.52692,1.00,1.00
2017.03.20 13:14:36.210,1.52673,1.52691,1.00,1.00
2017.03.20 13:14:37.808,1.52673,1.52692,1.00,1.00
2017.03.20 13:14:38.318,1.52673,1.52691,1.00,1.00
2017.03.20 13:14:40.113,1.52674,1.52691,1.00,1.00
2017.03.20 13:14:41.353,1.52674,1.52692,1.00,1.00
2017.03.20 13:14:42.275,1.52674,1.52691,1.00,1.00
2017.03.20 13:14:42.655,1.52674,1.52693,1.00,1.00
2017.03.20 13:14:42.880,1.52683,1.52693,1.00,1.00
2017.03.20 13:14:43.503,1.52683,1.52694,1.00,1.00
2017.03.20 13:14:43.604,1.52673,1.52691,1.00,1.00
2017.03.20 13:14:43.705,1.52673,1.52693,1.00,1.00
2017.03.20 13:14:44.208,1.52673,1.52694,1.00,1.00
2017.03.20 13:14:44.601,1.52673,1.52692,1.00,1.00
2017.03.20 13:14:44.651,1.52673,1.52694,1.00,1.00
2017.03.20 13:14:44.934,1.52673,1.52696,1.00,1.00
2017.03.20 13:14:45.519,1.52673,1.52695,1.00,1.00
2017.03.20 13:14:46.096,1.52673,1.52696,1.00,1.00
2017.03.20 13:14:46.363,1.52674,1.52698,1.00,1.00
2017.03.20 13:14:46.514,1.52684,1.52699,1.00,1.00
2017.03.20 13:14:46.565,1.52673,1.52699,1.00,1.00
2017.03.20 13:14:46.797,1.52684,1.52699,1.00,1.00
2017.03.20 13:14:47.461,1.52684,1.52698,1.00,1.00
2017.03.20 13:14:48.114,1.52684,1.52699,1.00,1.00
2017.03.20 13:14:48.494,1.52673,1.52698,1.00,1.00
2017.03.20 13:14:48.727,1.52683,1.52699,1.00,1.00
2017.03.20 13:14:49.291,1.52683,1.52698,1.00,1.00
2017.03.20 13:14:50.142,1.52683,1.52699,1.00,1.00
2017.03.20 13:14:50.656,1.52683,1.527,1.00,1.00
2017.03.20 13:14:51.259,1.52684,1.527,1.00,1.00
2017.03.20 13:14:51.310,1.52684,1.52702,1.00,1.00
2017.03.20 13:14:51.663,1.52683,1.527,1.00,1.00
2017.03.20 13:14:52.233,1.52683,1.52701,1.00,1.00
2017.03.20 13:14:53.155,1.52683,1.52704,1.00,1.00
2017.03.20 13:14:53.659,1.52684,1.52707,1.00,1.00
2017.03.20 13:14:53.810,1.52678,1.52707,1.00,1.00
2017.03.20 13:14:54.153,1.52684,1.52707,1.00,1.00
2017.03.20 13:14:54.455,1.52694,1.52709,1.00,1.00
2017.03.20 13:14:54.632,1.52694,1.52713,1.00,1.00
2017.03.20 13:14:54.682,1.52694,1.5271,1.00,1.00
2017.03.20 13:14:55.227,1.52694,1.52713,1.00,1.00
2017.03.20 13:14:55.278,1.52694,1.5271,1.00,1.00
2017.03.20 13:14:55.379,1.52684,1.52711,1.00,1.00
2017.03.20 13:14:55.430,1.52693,1.52711,1.00,1.00
2017.03.20 13:14:55.480,1.52693,1.5272,1.00,1.00
2017.03.20 13:14:55.531,1.52692,1.52714,1.00,1.00
2017.03.20 13:14:55.628,1.52689,1.52713,1.00,1.00
2017.03.20 13:14:55.679,1.52689,1.52716,1.00,1.00
2017.03.20 13:14:55.731,1.52694,1.52716,1.00,1.00
2017.03.20 13:14:55.781,1.52694,1.52719,1.00,1.00
2017.03.20 13:14:56.046,1.52689,1.52719,1.50,1.00
2017.03.20 13:14:56.249,1.52694,1.52719,1.00,1.00
2017.03.20 13:14:56.582,1.52694,1.52717,1.00,1.00
2017.03.20 13:14:56.934,1.52694,1.52719,1.00,1.00
2017.03.20 13:14:57.477,1.52693,1.52718,1.00,1.00
2017.03.20 13:14:57.732,1.52693,1.52722,1.00,1.00
2017.03.20 13:14:57.934,1.52704,1.5272,1.00,1.00
2017.03.20 13:14:58.035,1.52704,1.52722,1.00,1.00
2017.03.20 13:14:58.236,1.52704,1.52724,1.00,1.00
2017.03.20 13:14:58.388,1.52704,1.52722,1.00,1.00
2017.03.20 13:14:58.691,1.52704,1.5272,1.00,1.00
2017.03.20 13:14:59.012,1.52704,1.52717,1.00,1.00
2017.03.20 13:14:59.642,1.52704,1.52718,1.00,1.00
2017.03.20 13:15:00.095,1.52694,1.52718,1.00,1.00
2017.03.20 13:15:00.146,1.52694,1.5272,1.00,1.00
2017.03.20 13:15:00.247,1.52693,1.52722,1.00,1.00
2017.03.20 13:15:00.493,1.52693,1.52724,1.00,1.00
2017.03.20 13:15:00.644,1.52704,1.52719,1.00,1.00
2017.03.20 13:15:00.695,1.52704,1.52724,1.00,1.00
2017.03.20 13:15:00.796,1.52693,1.52724,1.00,1.00
2017.03.20 13:15:00.847,1.52693,1.5272,1.00,1.00
2017.03.20 13:15:01.150,1.52704,1.52718,1.00,1.00
2017.03.20 13:15:01.449,1.52694,1.5272,1.00,1.00
2017.03.20 13:15:01.651,1.52704,1.52723,1.00,1.00
2017.03.20 13:15:01.822,1.52697,1.52723,1.00,1.00
2017.03.20 13:15:01.878,1.52697,1.52731,1.12,1.50
2017.03.20 13:15:01.928,1.52704,1.52731,1.00,1.50
2017.03.20 13:15:02.079,1.52704,1.52733,1.00,1.12
2017.03.20 13:15:02.180,1.52703,1.52729,1.00,1.00
2017.03.20 13:15:02.583,1.52704,1.52727,1.00,1.00
2017.03.20 13:15:03.033,1.52704,1.52725,1.00,1.00
2017.03.20 13:15:03.084,1.52704,1.52727,1.00,1.00
2017.03.20 13:15:03.458,1.52713,1.52727,1.00,1.00
2017.03.20 13:15:03.758,1.52703,1.52727,1.00,1.00
2017.03.20 13:15:03.910,1.52703,1.52729,1.00,1.00
2017.03.20 13:15:04.011,1.52714,1.5273,1.00,1.00
2017.03.20 13:15:04.264,1.52714,1.52733,1.00,1.00
2017.03.20 13:15:04.542,1.52714,1.5273,1.00,1.00
2017.03.20 13:15:05.139,1.52713,1.5273,1.00,1.00
2017.03.20 13:15:05.190,1.52713,1.52737,1.00,1.00
2017.03.20 13:15:05.241,1.52713,1.52733,1.00,1.00
2017.03.20 13:15:05.846,1.52713,1.52738,1.00,1.00
2017.03.20 13:15:05.947,1.52714,1.52742,1.00,1.00
2017.03.20 13:15:06.149,1.52723,1.52741,1.00,1.00
2017.03.20 13:15:06.352,1.52723,1.52743,1.00,1.00
2017.03.20 13:15:06.503,1.52714,1.52746,1.00,2.47
2017.03.20 13:15:06.554,1.52714,1.52743,1.00,1.00
2017.03.20 13:15:06.655,1.52714,1.52746,1.00,2.47
2017.03.20 13:15:06.806,1.52724,1.52745,1.00,1.12
2017.03.20 13:15:06.965,1.52714,1.52746,1.50,1.72
2017.03.20 13:15:07.015,1.52714,1.52741,1.50,1.00
2017.03.20 13:15:07.378,1.52713,1.52736,1.00,1.00
2017.03.20 13:15:07.529,1.52713,1.52741,1.00,1.00
2017.03.20 13:15:07.580,1.52713,1.52737,1.00,1.00
2017.03.20 13:15:07.894,1.52724,1.52743,1.00,1.00
2017.03.20 13:15:08.226,1.52724,1.52745,1.00,1.12
2017.03.20 13:15:08.378,1.52724,1.5274,1.00,1.00
2017.03.20 13:15:08.580,1.52723,1.52743,1.00,1.00
2017.03.20 13:15:08.681,1.52723,1.52745,1.00,1.12
2017.03.20 13:15:08.782,1.52723,1.52754,1.00,2.62
2017.03.20 13:15:08.883,1.52719,1.52754,1.00,1.87
2017.03.20 13:15:08.933,1.52724,1.52745,1.00,1.00
2017.03.20 13:15:09.337,1.52724,1.5275,1.00,1.12
2017.03.20 13:15:09.388,1.52717,1.52748,1.00,1.00
2017.03.20 13:15:09.489,1.52714,1.52748,1.50,1.00
2017.03.20 13:15:09.540,1.52714,1.52741,2.25,1.00
2017.03.20 13:15:09.849,1.52724,1.52742,1.00,1.00
2017.03.20 13:15:10.459,1.52724,1.52741,1.00,1.00
2017.03.20 13:15:10.818,1.52724,1.52743,1.00,1.00
2017.03.20 13:15:11.337,1.52724,1.52744,1.00,1.00
2017.03.20 13:15:11.610,1.52724,1.52742,1.00,1.00
2017.03.20 13:15:12.123,1.52723,1.52743,1.00,1.00
2017.03.20 13:15:12.934,1.52723,1.52744,1.00,1.00
2017.03.20 13:15:13.238,1.52723,1.52742,1.00,1.00
2017.03.20 13:15:13.543,1.52724,1.52739,1.00,1.00
2017.03.20 13:15:14.556,1.52724,1.5274,1.00,1.00
2017.03.20 13:15:14.924,1.52724,1.52738,1.00,1.00
2017.03.20 13:15:15.227,1.52714,1.52739,1.00,1.00
2017.03.20 13:15:15.745,1.52714,1.52738,1.00,1.00
2017.03.20 13:15:16.302,1.52714,1.52739,1.00,1.00
2017.03.20 13:15:17.903,1.52714,1.52738,1.00,1.00
2017.03.20 13:15:18.357,1.52714,1.5274,1.00,1.00
2017.03.20 13:15:18.929,1.52715,1.52739,1.00,1.00
2017.03.20 13:15:19.030,1.52724,1.5274,1.00,1.00
2017.03.20 13:15:19.131,1.52715,1.52739,1.00,1.00
2017.03.20 13:15:19.610,1.52723,1.5274,1.00,1.00
2017.03.20 13:15:19.941,1.52723,1.52738,1.00,1.00
2017.03.20 13:15:20.157,1.52723,1.52741,1.00,1.00
2017.03.20 13:15:20.696,1.52723,1.5274,1.00,1.00
2017.03.20 13:15:22.117,1.52723,1.52741,1.00,1.00
2017.03.20 13:15:22.652,1.52723,1.5274,1.00,1.00
2017.03.20 13:15:24.063,1.52723,1.52741,1.00,1.00
2017.03.20 13:15:24.658,1.52723,1.5274,1.00,1.00
2017.03.20 13:15:25.527,1.52723,1.52741,1.00,1.00
2017.03.20 13:15:26.029,1.52723,1.5274,1.00,1.00
2017.03.20 13:15:26.569,1.52724,1.52741,1.00,1.00
2017.03.20 13:15:26.933,1.52724,1.52743,1.00,1.00
2017.03.20 13:15:27.034,1.52724,1.52745,1.00,1.00
2017.03.20 13:15:27.406,1.52724,1.52742,1.00,1.00
2017.03.20 13:15:27.958,1.52723,1.52741,1.00,1.00
2017.03.20 13:15:28.769,1.52723,1.52742,1.00,1.00
2017.03.20 13:15:29.284,1.52724,1.52743,1.00,1.00
2017.03.20 13:15:29.815,1.52723,1.52742,1.00,1.00
2017.03.20 13:15:31.311,1.52715,1.52742,1.00,1.00
