2017.03.08 02:00:00.126,1.51744,1.51778,1.00,1.00
2017.03.08 02:00:00.305,1.51734,1.51774,1.00,1.00
2017.03.08 02:00:00.557,1.51733,1.51776,1.00,1.00
2017.03.08 02:00:00.608,1.51723,1.51767,1.00,1.00
2017.03.08 02:00:01.143,1.51723,1.51765,1.00,1.00
2017.03.08 02:00:02.077,1.51723,1.51766,1.00,1.00
2017.03.08 02:00:02.557,1.51723,1.51764,1.00,1.00
2017.03.08 02:00:02.658,1.51713,1.51757,1.00,1.00
2017.03.08 02:00:02.816,1.51723,1.51764,1.00,1.00
2017.03.08 02:00:05.062,1.51723,1.51765,1.00,1.00
2017.03.08 02:00:05.584,1.51723,1.51766,1.00,1.00
2017.03.08 02:00:06.112,1.51724,1.51766,1.00,1.00
2017.03.08 02:00:06.511,1.51734,1.51774,1.00,1.00
2017.03.08 02:00:07.271,1.51734,1.51772,1.00,1.00
2017.03.08 02:00:12.950,1.51734,1.51774,1.00,1.00
2017.03.08 02:00:13.670,1.51734,1.51773,1.00,1.00
2017.03.08 02:00:15.562,1.51734,1.51774,1.00,2.25
2017.03.08 02:00:17.057,1.51723,1.51767,1.00,1.00
2017.03.08 02:00:25.450,1.51734,1.51769,1.00,1.00
2017.03.08 02:00:25.997,1.51734,1.51768,1.00,1.00
2017.03.08 02:00:26.802,1.51734,1.51769,1.00,1.00
2017.03.08 02:00:30.017,1.51734,1.51768,1.00,1.00
2017.03.08 02:00:30.773,1.51734,1.51769,1.00,1.00
2017.03.08 02:00:30.882,1.51734,1.51771,1.00,1.00
2017.03.08 02:00:33.025,1.51734,1.5177,1.00,1.00
2017.03.08 02:00:34.614,1.51734,1.51771,1.00,1.00
2017.03.08 02:00:34.709,1.51724,1.51766,1.00,1.00
2017.03.08 02:00:34.884,1.51734,1.51771,1.00,1.00
2017.03.08 02:00:35.487,1.51734,1.5177,1.00,1.00
2017.03.08 02:00:36.626,1.51734,1.51769,1.00,1.00
2017.03.08 02:00:36.940,1.51724,1.51769,1.00,1.00
2017.03.08 02:00:37.091,1.51734,1.51773,1.00,1.00
2017.03.08 02:00:37.394,1.51733,1.51775,1.00,1.00
2017.03.08 02:00:37.445,1.51733,1.51777,1.00,1.50
2017.03.08 02:00:37.651,1.51743,1.51779,1.00,1.50
2017.03.08 02:00:37.752,1.51733,1.51777,1.00,1.00
2017.03.08 02:00:38.424,1.51743,1.51779,1.00,1.00
2017.03.08 02:00:39.002,1.51744,1.51779,1.00,1.50
2017.03.08 02:00:39.689,1.51744,1.51778,1.00,1.00
2017.03.08 02:00:40.016,1.51744,1.51776,1.00,1.00
2017.03.08 02:00:40.691,1.51744,1.51778,1.00,1.00
2017.03.08 02:00:41.712,1.51744,1.51774,1.00,1.00
2017.03.08 02:00:44.936,1.51743,1.51774,1.00,1.00
2017.03.08 02:00:46.388,1.51743,1.51775,1.00,1.00
2017.03.08 02:00:46.652,1.51741,1.51775,1.00,1.00
2017.03.08 02:00:46.854,1.51744,1.51775,1.00,1.00
2017.03.08 02:00:52.221,1.51744,1.51776,1.00,1.00
2017.03.08 02:00:56.724,1.51744,1.51778,1.00,1.00
2017.03.08 02:00:58.511,1.51744,1.51775,1.00,1.00
2017.03.08 02:00:59.709,1.51743,1.51775,1.00,1.00
2017.03.08 02:01:00.248,1.51744,1.51775,1.00,1.00
2017.03.08 02:01:04.414,1.51744,1.51777,1.50,1.00
2017.03.08 02:01:05.394,1.51743,1.51776,1.50,1.00
2017.03.08 02:01:06.399,1.51743,1.51774,1.00,1.00
2017.03.08 02:01:06.900,1.51743,1.51772,1.00,1.00
2017.03.08 02:01:07.539,1.51763,1.5178,1.00,1.00
2017.03.08 02:01:07.641,1.51764,1.51783,1.00,1.00
2017.03.08 02:01:07.692,1.51764,1.51787,1.00,1.00
2017.03.08 02:01:07.743,1.51764,1.51791,1.00,1.00
2017.03.08 02:01:07.793,1.51773,1.51791,1.00,1.00
2017.03.08 02:01:08.810,1.51773,1.51793,1.00,1.00
2017.03.08 02:01:09.550,1.51774,1.51793,1.00,1.00
2017.03.08 02:01:09.756,1.51783,1.51793,1.00,1.00
2017.03.08 02:01:12.079,1.51774,1.51793,1.00,1.00
2017.03.08 02:01:12.590,1.51773,1.51793,1.00,1.00
2017.03.08 02:01:12.641,1.51783,1.51795,1.00,1.00
2017.03.08 02:01:12.993,1.51774,1.51795,1.00,1.00
2017.03.08 02:01:13.697,1.51774,1.51792,1.00,1.00
2017.03.08 02:01:15.063,1.51773,1.51792,1.00,1.00
2017.03.08 02:01:16.520,1.51773,1.51791,1.00,1.00
2017.03.08 02:01:16.621,1.51764,1.51791,1.00,1.00
2017.03.08 02:01:16.772,1.51773,1.51791,1.00,1.00
2017.03.08 02:01:17.507,1.51773,1.51792,1.00,1.00
2017.03.08 02:01:18.502,1.51773,1.51791,1.00,1.00
2017.03.08 02:01:18.653,1.51763,1.51792,1.00,1.00
2017.03.08 02:01:18.865,1.51774,1.51792,1.00,1.00
2017.03.08 02:01:22.863,1.51774,1.51791,1.00,1.00
2017.03.08 02:01:23.897,1.51774,1.51793,1.00,1.00
2017.03.08 02:01:27.667,1.51764,1.51793,1.00,1.00
2017.03.08 02:01:28.904,1.51764,1.51792,1.00,1.00
2017.03.08 02:01:29.372,1.51773,1.51792,1.00,1.00
2017.03.08 02:01:29.574,1.51764,1.5179,1.00,1.00
2017.03.08 02:01:29.675,1.51764,1.51787,1.00,1.00
2017.03.08 02:01:30.528,1.51764,1.51785,1.00,1.00
2017.03.08 02:01:30.579,1.51764,1.51787,1.00,1.00
2017.03.08 02:01:31.084,1.51764,1.51786,1.00,1.00
2017.03.08 02:01:31.966,1.51764,1.51784,1.00,1.00
2017.03.08 02:01:32.291,1.51772,1.51784,1.00,1.00
2017.03.08 02:01:32.644,1.51772,1.51787,1.00,1.00
2017.03.08 02:01:33.196,1.51772,1.51785,1.00,1.00
2017.03.08 02:01:34.354,1.51773,1.51787,1.00,1.00
2017.03.08 02:01:34.455,1.51764,1.51788,1.00,1.00
2017.03.08 02:01:34.556,1.51763,1.51786,1.00,1.00
2017.03.08 02:01:34.858,1.51773,1.51786,1.00,1.00
2017.03.08 02:01:38.722,1.51764,1.51786,1.00,1.00
2017.03.08 02:01:38.873,1.51764,1.51784,1.00,1.00
2017.03.08 02:01:39.890,1.51764,1.51782,1.00,1.00
2017.03.08 02:01:40.451,1.51764,1.51787,1.00,1.00
2017.03.08 02:01:42.700,1.51764,1.51785,1.00,1.00
2017.03.08 02:01:43.206,1.51764,1.51784,1.00,1.00
2017.03.08 02:01:43.404,1.51764,1.51786,1.00,1.00
2017.03.08 02:01:44.117,1.51764,1.51784,1.00,1.00
2017.03.08 02:01:44.217,1.51764,1.51787,1.00,1.00
2017.03.08 02:01:49.902,1.51764,1.51781,1.00,1.00
2017.03.08 02:01:51.665,1.51763,1.51781,1.00,1.00
2017.03.08 02:01:54.624,1.51764,1.51781,1.00,1.00
2017.03.08 02:01:58.964,1.51764,1.5178,1.00,1.00
2017.03.08 02:02:00.261,1.51754,1.5178,1.00,1.00
2017.03.08 02:02:00.312,1.51754,1.51784,1.00,1.00
2017.03.08 02:02:00.363,1.51764,1.51784,1.00,1.00
2017.03.08 02:02:04.699,1.51763,1.51784,1.00,1.00
2017.03.08 02:02:05.300,1.51772,1.51784,1.00,1.00
2017.03.08 02:02:07.366,1.51772,1.51785,1.00,1.00
2017.03.08 02:02:09.159,1.51773,1.51787,1.00,1.00
2017.03.08 02:02:10.995,1.51763,1.51787,1.00,1.00
2017.03.08 02:02:11.147,1.51763,1.51785,1.00,1.00
2017.03.08 02:02:11.387,1.51763,1.51787,1.00,1.00
2017.03.08 02:02:11.488,1.51764,1.51782,1.00,1.00
2017.03.08 02:02:11.861,1.51764,1.5178,1.00,1.00
2017.03.08 02:02:12.413,1.51764,1.51778,1.00,1.00
2017.03.08 02:02:13.016,1.51764,1.51779,1.00,1.00
2017.03.08 02:02:13.067,1.51754,1.51782,1.00,1.00
2017.03.08 02:02:13.168,1.51754,1.51784,1.00,1.00
2017.03.08 02:02:13.382,1.51763,1.51784,1.00,1.00
2017.03.08 02:02:14.090,1.51764,1.51784,1.00,1.00
2017.03.08 02:02:16.037,1.51764,1.51783,1.00,1.00
2017.03.08 02:02:22.122,1.51764,1.51787,1.00,1.00
2017.03.08 02:02:23.558,1.51763,1.51787,1.00,1.00
2017.03.08 02:02:24.696,1.51763,1.5179,1.00,1.00
2017.03.08 02:02:27.181,1.51763,1.51792,1.00,1.00
2017.03.08 02:02:29.495,1.51764,1.51792,1.00,1.00
2017.03.08 02:02:41.938,1.51764,1.51791,1.00,1.00
2017.03.08 02:02:42.643,1.51763,1.51791,1.00,1.00
2017.03.08 02:02:49.202,1.51764,1.51791,1.00,1.00
2017.03.08 02:02:52.184,1.51763,1.51787,1.00,1.00
2017.03.08 02:02:52.486,1.51763,1.51785,1.00,1.00
2017.03.08 02:02:53.291,1.51763,1.51784,1.00,1.00
2017.03.08 02:02:54.539,1.51763,1.51785,1.00,1.00
2017.03.08 02:02:56.964,1.51763,1.51786,1.00,1.00
2017.03.08 02:02:58.148,1.51756,1.51791,1.00,1.00
2017.03.08 02:02:58.199,1.5176,1.51795,1.00,1.50
2017.03.08 02:02:58.501,1.51774,1.51796,1.00,1.00
2017.03.08 02:02:58.551,1.51774,1.51798,1.00,1.00
2017.03.08 02:02:58.602,1.51774,1.51802,1.00,1.00
2017.03.08 02:02:59.151,1.51774,1.51804,1.00,1.00
2017.03.08 02:02:59.559,1.51784,1.51804,1.00,1.00
2017.03.08 02:03:00.220,1.51769,1.51804,1.00,1.00
2017.03.08 02:03:00.321,1.51771,1.51806,1.00,1.50
2017.03.08 02:03:00.623,1.51784,1.51809,1.00,1.00
2017.03.08 02:03:01.175,1.51783,1.51809,1.00,1.00
2017.03.08 02:03:01.723,1.51784,1.51809,1.00,1.00
2017.03.08 02:03:02.250,1.51783,1.51809,1.00,1.00
2017.03.08 02:03:02.386,1.51786,1.51814,1.00,1.00
2017.03.08 02:03:02.436,1.51789,1.5182,1.00,1.75
2017.03.08 02:03:02.589,1.51795,1.51828,1.00,1.00
2017.03.08 02:03:03.009,1.51794,1.51824,1.00,1.00
2017.03.08 02:03:03.553,1.51794,1.51822,1.00,1.00
2017.03.08 02:03:07.391,1.51794,1.51821,1.00,1.00
2017.03.08 02:03:07.922,1.51793,1.51821,1.00,1.00
2017.03.08 02:03:09.002,1.51793,1.51819,1.00,1.00
2017.03.08 02:03:09.162,1.51786,1.51821,1.00,1.00
2017.03.08 02:03:09.212,1.51791,1.51827,1.00,1.50
2017.03.08 02:03:09.516,1.51784,1.5181,1.00,1.00
2017.03.08 02:03:10.162,1.51783,1.5181,1.00,1.00
2017.03.08 02:03:10.435,1.51783,1.51813,1.00,1.50
2017.03.08 02:03:10.540,1.51783,1.51815,1.00,1.00
2017.03.08 02:03:10.591,1.51783,1.51818,1.00,1.12
2017.03.08 02:03:10.691,1.51783,1.51816,1.00,1.00
2017.03.08 02:03:11.040,1.51774,1.51813,1.00,1.00
2017.03.08 02:03:11.091,1.51774,1.51811,1.00,1.00
2017.03.08 02:03:11.417,1.51784,1.51809,1.00,1.00
2017.03.08 02:03:20.657,1.51783,1.51809,1.00,1.00
2017.03.08 02:03:21.473,1.51784,1.51809,1.00,1.00
2017.03.08 02:03:21.742,1.51783,1.51813,1.00,1.00
2017.03.08 02:03:21.886,1.51793,1.51813,1.00,1.00
2017.03.08 02:03:22.098,1.51783,1.51808,1.00,1.00
2017.03.08 02:03:22.730,1.51784,1.51808,1.00,1.00
2017.03.08 02:03:23.113,1.51784,1.5181,1.00,1.00
2017.03.08 02:03:23.265,1.51775,1.5181,1.00,1.00
2017.03.08 02:03:23.366,1.51784,1.5181,1.00,1.00
2017.03.08 02:03:24.080,1.51784,1.51811,1.00,1.00
2017.03.08 02:03:25.514,1.51784,1.5181,1.00,1.00
2017.03.08 02:03:26.418,1.51784,1.51808,1.00,1.00
2017.03.08 02:03:26.619,1.51774,1.51806,1.00,1.00
2017.03.08 02:03:27.042,1.51784,1.51806,1.00,1.00
2017.03.08 02:03:27.295,1.51784,1.51808,1.00,1.00
2017.03.08 02:03:29.145,1.51784,1.51807,1.00,1.00
2017.03.08 02:03:45.471,1.51783,1.51807,1.00,1.00
2017.03.08 02:03:46.369,1.51784,1.51807,1.00,1.00
2017.03.08 02:03:47.320,1.51783,1.51807,1.00,1.00
2017.03.08 02:03:48.232,1.51784,1.51807,1.00,1.00
2017.03.08 02:03:48.472,1.51774,1.51809,1.00,1.00
2017.03.08 02:03:48.707,1.51783,1.51809,1.00,1.00
2017.03.08 02:03:49.596,1.51784,1.51809,1.00,1.00
2017.03.08 02:03:52.277,1.51783,1.51809,1.00,1.00
2017.03.08 02:03:52.887,1.51783,1.5181,1.00,1.00
2017.03.08 02:03:56.074,1.51784,1.5181,1.00,1.00
2017.03.08 02:04:01.523,1.51784,1.51812,1.00,1.00
2017.03.08 02:04:02.734,1.51784,1.51811,1.00,1.00
2017.03.08 02:04:03.253,1.51783,1.5181,1.00,1.00
2017.03.08 02:04:07.139,1.51783,1.51812,1.00,1.00
2017.03.08 02:04:12.116,1.51783,1.5181,1.00,1.00
2017.03.08 02:04:13.738,1.51784,1.5181,1.00,1.00
2017.03.08 02:04:17.019,1.51783,1.5181,1.00,1.00
2017.03.08 02:04:18.056,1.51784,1.51812,1.00,1.00
2017.03.08 02:04:18.157,1.51794,1.51812,1.00,1.00
2017.03.08 02:04:19.917,1.51794,1.51816,1.00,1.00
2017.03.08 02:04:20.068,1.51794,1.51818,1.00,1.00
2017.03.08 02:04:20.308,1.51794,1.51813,1.00,1.00
2017.03.08 02:04:20.718,1.51793,1.5181,1.00,1.00
2017.03.08 02:04:20.819,1.51784,1.51814,1.00,1.00
2017.03.08 02:04:21.336,1.51783,1.51815,1.00,1.00
2017.03.08 02:04:22.104,1.51784,1.51816,1.00,1.00
2017.03.08 02:04:23.249,1.51783,1.51816,1.50,1.00
2017.03.08 02:04:25.522,1.51783,1.51815,1.50,1.00
2017.03.08 02:04:25.729,1.51783,1.51813,1.00,1.00
2017.03.08 02:04:26.248,1.51784,1.51813,1.00,1.00
2017.03.08 02:04:26.478,1.51784,1.51815,1.00,1.00
2017.03.08 02:04:27.144,1.51784,1.51813,1.00,1.00
2017.03.08 02:04:29.193,1.51784,1.51812,1.00,1.00
2017.03.08 02:04:37.664,1.51784,1.51813,1.00,1.00
2017.03.08 02:04:45.202,1.51783,1.51813,1.00,1.00
2017.03.08 02:04:45.452,1.51783,1.51815,1.00,1.50
2017.03.08 02:04:45.985,1.51783,1.51816,1.50,1.00
2017.03.08 02:04:46.645,1.51784,1.51817,1.00,1.50
2017.03.08 02:04:52.220,1.51784,1.51804,1.00,1.00
2017.03.08 02:04:52.270,1.51775,1.51801,1.00,1.00
2017.03.08 02:04:52.321,1.51774,1.51797,1.00,1.00
2017.03.08 02:04:54.416,1.51773,1.51797,1.00,1.00
2017.03.08 02:04:54.717,1.51773,1.51799,1.00,1.00
2017.03.08 02:04:54.768,1.51773,1.51801,1.00,1.00
2017.03.08 02:04:55.065,1.51774,1.51799,1.00,1.00
2017.03.08 02:04:55.367,1.51774,1.51801,1.00,1.00
2017.03.08 02:04:55.418,1.51774,1.51805,1.00,1.00
2017.03.08 02:04:55.469,1.51774,1.51807,1.00,1.50
2017.03.08 02:04:55.951,1.51774,1.51803,1.00,1.00
2017.03.08 02:04:56.273,1.51773,1.51796,1.00,1.00
2017.03.08 02:04:56.844,1.51773,1.51793,1.00,1.00
2017.03.08 02:04:57.368,1.51773,1.51795,1.00,1.00
2017.03.08 02:04:58.080,1.51774,1.51795,1.00,1.00
2017.03.08 02:05:00.262,1.51773,1.51803,1.00,1.00
2017.03.08 02:05:00.363,1.51777,1.51806,1.00,1.37
2017.03.08 02:05:00.665,1.51773,1.51796,1.00,1.00
2017.03.08 02:05:00.766,1.51764,1.51796,1.00,1.00
2017.03.08 02:05:01.185,1.51774,1.51796,1.00,1.00
2017.03.08 02:05:01.352,1.51764,1.51796,1.00,1.00
2017.03.08 02:05:02.580,1.51764,1.51795,1.00,1.00
2017.03.08 02:05:03.098,1.51763,1.51783,1.00,1.00
2017.03.08 02:05:03.148,1.51756,1.51783,1.00,1.00
2017.03.08 02:05:03.199,1.51756,1.51777,1.00,1.00
2017.03.08 02:05:03.250,1.51753,1.51777,1.00,1.00
2017.03.08 02:05:03.351,1.51743,1.51782,1.50,1.00
2017.03.08 02:05:03.452,1.51753,1.51784,1.00,1.00
2017.03.08 02:05:03.978,1.51754,1.51783,1.00,1.00
2017.03.08 02:05:04.307,1.51754,1.51775,1.00,1.00
2017.03.08 02:05:05.592,1.51743,1.51775,1.00,1.87
2017.03.08 02:05:05.864,1.51753,1.51775,1.00,1.87
2017.03.08 02:05:06.715,1.51753,1.51775,1.00,1.37
2017.03.08 02:05:07.217,1.51744,1.51775,1.00,1.37
2017.03.08 02:05:07.767,1.51744,1.51775,1.00,1.37
2017.03.08 02:05:08.076,1.51744,1.51771,1.00,1.00
2017.03.08 02:05:08.497,1.51754,1.51771,1.00,1.00
2017.03.08 02:05:09.117,1.51754,1.51775,1.00,1.37
2017.03.08 02:05:09.368,1.51743,1.51779,1.00,1.37
2017.03.08 02:05:09.419,1.51743,1.51779,1.00,1.00
2017.03.08 02:05:09.961,1.51744,1.51779,1.00,1.00
2017.03.08 02:05:10.396,1.51744,1.51777,1.50,1.00
2017.03.08 02:05:11.404,1.51744,1.51779,1.50,1.00
2017.03.08 02:05:13.397,1.51747,1.51782,1.00,1.37
2017.03.08 02:05:14.408,1.51754,1.51782,1.00,1.37
2017.03.08 02:05:17.639,1.51754,1.51782,1.00,1.37
2017.03.08 02:05:21.072,1.51753,1.51778,1.00,1.00
2017.03.08 02:05:24.670,1.51753,1.5178,1.00,1.12
2017.03.08 02:05:33.109,1.51753,1.51778,1.00,1.00
2017.03.08 02:05:37.905,1.51753,1.51779,1.00,1.00
2017.03.08 02:05:39.085,1.51753,1.51778,1.00,1.00
2017.03.08 02:05:46.766,1.51753,1.51779,1.00,1.00
2017.03.08 02:05:47.323,1.51753,1.51778,1.00,1.00
2017.03.08 02:05:51.984,1.51745,1.51778,1.00,1.00
2017.03.08 02:05:52.034,1.51744,1.51775,1.00,1.00
2017.03.08 02:05:52.368,1.51753,1.51775,1.00,1.00
2017.03.08 02:05:52.764,1.51753,1.51778,1.00,1.37
2017.03.08 02:05:53.895,1.51754,1.51778,1.00,1.37
2017.03.08 02:05:56.371,1.51745,1.51778,1.00,1.37
2017.03.08 02:05:56.621,1.51754,1.51778,1.00,1.37
2017.03.08 02:05:57.663,1.51754,1.51775,1.00,1.00
2017.03.08 02:05:59.108,1.51754,1.51779,1.00,1.37
2017.03.08 02:05:59.160,1.51754,1.51779,1.00,1.00
2017.03.08 02:06:03.026,1.51754,1.51776,1.00,1.00
2017.03.08 02:06:10.698,1.51753,1.51779,1.00,1.00
2017.03.08 02:06:12.145,1.51753,1.51786,1.00,1.37
2017.03.08 02:06:12.246,1.51758,1.51792,1.00,1.00
2017.03.08 02:06:12.296,1.51774,1.51793,1.00,1.00
2017.03.08 02:06:12.397,1.51774,1.51796,1.00,1.00
2017.03.08 02:06:12.448,1.51774,1.51803,1.00,1.50
2017.03.08 02:06:12.953,1.51774,1.51803,1.00,1.00
2017.03.08 02:06:13.276,1.51774,1.51799,1.00,1.00
2017.03.08 02:06:14.473,1.51774,1.51798,1.00,1.00
2017.03.08 02:06:18.924,1.51766,1.51798,1.00,1.00
2017.03.08 02:06:19.075,1.51773,1.51798,1.00,1.00
2017.03.08 02:06:22.616,1.51774,1.51798,1.00,1.00
2017.03.08 02:06:22.913,1.51774,1.518,1.00,1.00
2017.03.08 02:06:23.517,1.51773,1.518,1.00,1.00
2017.03.08 02:06:24.093,1.51773,1.51803,1.00,1.00
2017.03.08 02:06:25.068,1.51773,1.51804,1.00,1.00
2017.03.08 02:06:34.417,1.51774,1.51804,1.00,1.00
2017.03.08 02:06:34.562,1.51774,1.51799,1.00,1.00
2017.03.08 02:06:35.283,1.51774,1.51801,1.00,1.00
2017.03.08 02:06:35.603,1.51774,1.51797,1.00,1.00
2017.03.08 02:06:35.906,1.51774,1.51795,1.00,1.00
2017.03.08 02:06:36.387,1.51764,1.51795,1.00,1.00
2017.03.08 02:06:36.762,1.51774,1.51795,1.00,1.00
2017.03.08 02:06:37.343,1.51764,1.51795,1.00,1.00
2017.03.08 02:06:38.032,1.51774,1.51795,1.00,1.00
2017.03.08 02:06:39.315,1.51764,1.51795,1.00,1.00
2017.03.08 02:06:40.759,1.51773,1.51795,1.00,1.00
2017.03.08 02:06:42.443,1.51773,1.51796,1.00,1.00
2017.03.08 02:06:42.600,1.51764,1.51796,1.00,1.00
2017.03.08 02:06:42.709,1.51764,1.51794,1.00,1.00
2017.03.08 02:06:43.846,1.51773,1.51794,1.00,1.00
2017.03.08 02:06:44.498,1.51764,1.51794,1.00,1.00
2017.03.08 02:06:50.027,1.51764,1.51798,1.00,1.00
2017.03.08 02:06:50.078,1.51764,1.51794,1.00,1.00
2017.03.08 02:06:50.380,1.51765,1.51797,1.00,1.00
2017.03.08 02:06:52.111,1.51765,1.51798,1.00,1.00
2017.03.08 02:06:55.946,1.51773,1.51798,1.00,1.00
2017.03.08 02:06:57.443,1.51773,1.51797,1.00,1.00
2017.03.08 02:06:59.563,1.51773,1.51798,1.00,1.00
2017.03.08 02:07:02.006,1.51765,1.51798,1.00,1.00
2017.03.08 02:07:02.057,1.51774,1.51798,1.00,1.00
2017.03.08 02:07:02.396,1.51763,1.51795,1.50,1.00
2017.03.08 02:07:04.236,1.51774,1.51795,1.00,1.00
2017.03.08 02:07:06.791,1.51774,1.518,1.00,1.00
2017.03.08 02:07:07.465,1.51773,1.518,1.00,1.00
2017.03.08 02:07:07.964,1.51773,1.51798,1.00,1.00
2017.03.08 02:07:08.810,1.51765,1.51798,1.00,1.00
2017.03.08 02:07:09.001,1.51763,1.51796,1.00,1.00
2017.03.08 02:07:09.550,1.51763,1.51795,1.00,1.00
2017.03.08 02:07:09.868,1.51763,1.51791,1.00,1.00
2017.03.08 02:07:10.616,1.51764,1.51791,1.00,1.00
2017.03.08 02:07:12.472,1.51764,1.5179,1.00,1.00
2017.03.08 02:07:16.146,1.51773,1.5179,1.00,1.00
2017.03.08 02:07:16.247,1.51773,1.51793,1.00,1.00
2017.03.08 02:07:16.921,1.51764,1.51793,1.00,1.00
2017.03.08 02:07:18.545,1.51763,1.51793,1.00,1.00
2017.03.08 02:07:27.502,1.51763,1.5179,1.00,1.00
2017.03.08 02:07:36.108,1.51757,1.5179,1.00,1.00
2017.03.08 02:07:48.728,1.51764,1.5179,1.00,1.00
2017.03.08 02:07:55.154,1.51757,1.5179,1.00,1.00
2017.03.08 02:07:57.562,1.51757,1.51789,1.00,1.00
2017.03.08 02:08:01.483,1.51759,1.51792,1.00,1.00
2017.03.08 02:08:01.534,1.51764,1.51792,1.00,1.00
2017.03.08 02:08:01.635,1.51762,1.51795,1.00,1.00
2017.03.08 02:08:01.787,1.51765,1.51798,1.00,1.00
2017.03.08 02:08:02.751,1.51763,1.51796,1.50,1.00
2017.03.08 02:08:08.085,1.51763,1.51795,1.00,1.00
2017.03.08 02:08:09.159,1.51764,1.51795,1.00,1.00
2017.03.08 02:08:09.210,1.51765,1.51798,1.00,1.00
2017.03.08 02:08:09.332,1.51765,1.518,1.00,1.00
2017.03.08 02:08:09.433,1.51764,1.51795,1.00,1.00
2017.03.08 02:08:09.890,1.51763,1.51793,1.00,1.00
2017.03.08 02:08:10.864,1.51763,1.51794,1.00,1.00
2017.03.08 02:08:22.509,1.51763,1.51792,1.00,1.00
2017.03.08 02:08:24.564,1.51763,1.51793,1.00,1.00
2017.03.08 02:08:25.566,1.51763,1.51792,1.00,1.00
2017.03.08 02:08:30.602,1.51764,1.51792,1.00,1.00
2017.03.08 02:08:32.808,1.51764,1.51794,1.00,1.00
2017.03.08 02:08:33.820,1.51764,1.51795,1.00,1.00
2017.03.08 02:08:39.219,1.51764,1.51797,1.50,1.00
2017.03.08 02:08:39.270,1.51767,1.51799,1.00,1.00
2017.03.08 02:08:39.421,1.51768,1.51802,1.00,1.00
2017.03.08 02:08:39.573,1.51774,1.51803,1.00,1.00
2017.03.08 02:08:40.330,1.51774,1.51799,1.00,1.00
2017.03.08 02:08:40.381,1.51774,1.51802,1.00,1.00
2017.03.08 02:08:41.893,1.51774,1.51799,1.00,1.00
2017.03.08 02:08:42.137,1.51774,1.51802,1.00,1.00
2017.03.08 02:08:43.131,1.51774,1.51801,1.00,1.00
2017.03.08 02:08:43.729,1.51774,1.51803,1.00,1.00
2017.03.08 02:08:44.825,1.51774,1.51804,1.00,1.00
2017.03.08 02:08:46.766,1.51773,1.51804,1.00,1.00
2017.03.08 02:08:46.917,1.51775,1.51808,1.00,1.00
2017.03.08 02:08:50.143,1.51773,1.51804,1.00,1.00
2017.03.08 02:08:51.111,1.51774,1.51803,1.00,1.00
2017.03.08 02:08:57.684,1.51774,1.51805,1.00,1.00
2017.03.08 02:08:58.399,1.51774,1.51806,1.50,1.00
2017.03.08 02:08:59.369,1.51773,1.51806,1.50,1.00
2017.03.08 02:08:59.533,1.51777,1.5181,1.00,1.00
2017.03.08 02:09:02.378,1.51773,1.51804,1.50,1.00
2017.03.08 02:09:02.530,1.51773,1.51807,1.87,1.00
2017.03.08 02:09:02.812,1.51773,1.51804,1.00,1.00
2017.03.08 02:09:03.394,1.51774,1.51804,1.00,1.00
2017.03.08 02:09:08.779,1.51774,1.51806,1.00,1.00
2017.03.08 02:09:11.048,1.51774,1.51803,1.00,1.00
2017.03.08 02:09:12.712,1.51774,1.51805,1.00,1.00
2017.03.08 02:09:16.314,1.51774,1.51806,1.00,1.00
2017.03.08 02:09:20.018,1.51776,1.51809,1.00,1.00
2017.03.08 02:09:20.119,1.51778,1.51811,1.00,1.00
2017.03.08 02:09:20.487,1.51775,1.5181,1.00,1.00
2017.03.08 02:09:20.830,1.51773,1.51805,1.00,1.00
2017.03.08 02:09:31.444,1.51776,1.51809,1.00,1.00
2017.03.08 02:09:31.495,1.51779,1.51811,1.00,1.00
2017.03.08 02:09:31.798,1.51774,1.51807,1.00,1.00
2017.03.08 02:09:37.329,1.51775,1.5181,1.00,1.00
2017.03.08 02:09:37.380,1.51778,1.51811,1.00,1.00
2017.03.08 02:09:37.916,1.51774,1.51809,1.50,1.00
2017.03.08 02:09:40.024,1.51773,1.51806,1.50,1.00
2017.03.08 02:09:41.669,1.51773,1.51808,1.50,1.00
2017.03.08 02:09:41.770,1.51773,1.51806,1.00,1.00
2017.03.08 02:09:41.871,1.51775,1.51809,1.00,1.00
2017.03.08 02:09:42.142,1.51773,1.51804,1.00,1.00
2017.03.08 02:09:42.655,1.51774,1.51804,1.00,1.00
2017.03.08 02:09:43.393,1.51774,1.51805,1.00,1.00
2017.03.08 02:09:51.677,1.51776,1.51808,1.00,1.00
2017.03.08 02:09:52.216,1.51784,1.51808,1.00,1.00
2017.03.08 02:09:52.317,1.51784,1.51812,1.00,1.00
2017.03.08 02:09:52.519,1.51777,1.51812,1.00,1.00
2017.03.08 02:09:52.670,1.51777,1.5181,1.00,1.00
2017.03.08 02:09:52.972,1.51783,1.51812,1.00,1.00
2017.03.08 02:09:53.127,1.51777,1.5181,1.00,1.00
2017.03.08 02:09:53.297,1.51775,1.51808,1.00,1.00
2017.03.08 02:09:54.330,1.51774,1.51806,1.00,1.00
2017.03.08 02:09:54.891,1.51774,1.51809,1.50,1.00
2017.03.08 02:09:55.274,1.51774,1.51807,1.50,1.00
2017.03.08 02:09:56.284,1.51774,1.51806,1.00,1.00
2017.03.08 02:09:56.435,1.51775,1.51808,1.00,1.00
2017.03.08 02:09:56.536,1.5178,1.51813,1.00,1.00
2017.03.08 02:09:56.903,1.51783,1.51813,1.00,1.00
2017.03.08 02:09:57.802,1.51783,1.51812,1.00,1.00
2017.03.08 02:09:58.077,1.5178,1.51812,1.00,1.00
2017.03.08 02:09:58.831,1.51779,1.51812,1.00,1.00
2017.03.08 02:09:59.166,1.51777,1.51812,1.00,1.00
2017.03.08 02:09:59.806,1.51776,1.51811,1.00,1.00
2017.03.08 02:10:00.328,1.51777,1.51812,1.00,1.50
2017.03.08 02:10:00.928,1.51776,1.51808,1.00,1.00
2017.03.08 02:10:07.250,1.51783,1.51808,1.00,1.00
2017.03.08 02:10:07.301,1.51783,1.51813,1.00,1.50
2017.03.08 02:10:07.403,1.51778,1.51807,1.00,1.00
2017.03.08 02:10:07.453,1.51778,1.5181,1.00,1.00
2017.03.08 02:10:07.504,1.51774,1.51809,1.87,1.00
2017.03.08 02:10:07.555,1.51774,1.51807,1.12,1.00
2017.03.08 02:10:07.858,1.51774,1.51805,1.50,1.00
2017.03.08 02:10:08.269,1.51774,1.51803,1.00,1.00
2017.03.08 02:10:13.258,1.51763,1.51789,1.00,1.00
2017.03.08 02:10:13.506,1.51763,1.51794,1.00,1.00
2017.03.08 02:10:14.197,1.51763,1.51795,1.00,1.50
2017.03.08 02:10:14.248,1.51763,1.51792,1.00,1.00
2017.03.08 02:10:14.978,1.51763,1.51791,1.00,1.00
2017.03.08 02:10:15.638,1.51763,1.51794,1.00,1.00
2017.03.08 02:10:16.144,1.51763,1.51793,1.00,1.00
2017.03.08 02:10:16.783,1.51764,1.5179,1.00,1.00
2017.03.08 02:10:17.287,1.51764,1.51792,1.00,1.50
2017.03.08 02:10:17.806,1.51764,1.51791,1.00,1.00
2017.03.08 02:10:18.739,1.51764,1.5179,1.00,1.00
2017.03.08 02:10:19.023,1.51757,1.5179,1.00,1.00
2017.03.08 02:10:19.074,1.51754,1.51788,1.00,1.50
2017.03.08 02:10:23.354,1.51755,1.51787,1.00,1.00
2017.03.08 02:10:25.650,1.51754,1.51785,1.00,1.00
2017.03.08 02:10:25.986,1.51743,1.51766,1.00,1.00
2017.03.08 02:10:26.037,1.51743,1.51775,1.00,1.75
2017.03.08 02:10:26.087,1.51754,1.51775,1.00,1.75
2017.03.08 02:10:26.138,1.51754,1.51773,1.00,1.00
2017.03.08 02:10:26.239,1.51754,1.51779,1.00,1.50
2017.03.08 02:10:26.585,1.51754,1.51782,1.00,1.00
2017.03.08 02:10:27.863,1.51754,1.51781,1.00,1.00
2017.03.08 02:10:28.653,1.51754,1.51778,1.00,1.00
2017.03.08 02:10:34.238,1.51754,1.51776,1.00,1.00
2017.03.08 02:10:39.192,1.51754,1.51778,1.00,1.50
2017.03.08 02:10:41.132,1.51754,1.5178,1.00,1.50
2017.03.08 02:10:41.502,1.51754,1.51775,1.00,1.00
2017.03.08 02:10:41.553,1.51743,1.51775,1.00,1.00
2017.03.08 02:10:41.805,1.51744,1.51772,1.00,1.00
2017.03.08 02:10:42.445,1.51744,1.51769,1.00,1.00
2017.03.08 02:10:42.748,1.51733,1.51751,1.00,1.00
2017.03.08 02:10:42.849,1.51723,1.51747,1.00,1.00
2017.03.08 02:10:42.900,1.51723,1.51745,1.00,1.00
2017.03.08 02:10:43.152,1.51734,1.51759,1.00,1.00
2017.03.08 02:10:43.507,1.51734,1.51764,1.00,1.00
2017.03.08 02:10:43.558,1.51734,1.5176,1.00,1.00
2017.03.08 02:10:43.870,1.51734,1.51757,1.00,1.00
2017.03.08 02:10:44.172,1.51733,1.51753,1.00,1.00
2017.03.08 02:10:44.223,1.51733,1.51757,1.00,1.00
2017.03.08 02:10:44.622,1.51733,1.51755,1.00,1.00
2017.03.08 02:10:45.029,1.51733,1.51752,1.00,1.00
2017.03.08 02:10:45.130,1.51733,1.51754,1.00,1.00
2017.03.08 02:10:46.147,1.51733,1.51755,1.00,1.00
2017.03.08 02:10:49.823,1.51733,1.51762,1.00,1.00
2017.03.08 02:10:50.121,1.51733,1.5176,1.00,1.00
2017.03.08 02:10:55.915,1.51733,1.51761,1.00,1.00
2017.03.08 02:10:56.586,1.51743,1.51761,1.00,1.00
2017.03.08 02:10:57.292,1.51744,1.51761,1.00,1.00
2017.03.08 02:10:59.340,1.51744,1.5176,1.00,1.00
2017.03.08 02:11:00.020,1.51744,1.51758,1.00,1.00
2017.03.08 02:11:03.490,1.51733,1.51758,1.00,1.00
2017.03.08 02:11:05.375,1.51734,1.51758,1.00,1.00
2017.03.08 02:11:07.959,1.51734,1.51757,1.00,1.00
2017.03.08 02:11:14.489,1.51734,1.51758,1.00,1.00
2017.03.08 02:11:18.544,1.51723,1.51757,1.50,1.00
2017.03.08 02:11:18.595,1.51723,1.51755,1.50,1.00
2017.03.08 02:11:19.144,1.51723,1.51756,1.50,1.00
2017.03.08 02:11:19.195,1.51723,1.51758,1.50,1.00
2017.03.08 02:11:19.245,1.51723,1.51756,1.50,1.00
2017.03.08 02:11:19.644,1.51723,1.51754,1.00,1.00
2017.03.08 02:11:20.119,1.51723,1.51756,1.00,1.00
2017.03.08 02:11:20.170,1.51723,1.51754,1.00,1.00
2017.03.08 02:11:20.528,1.51723,1.51756,1.00,1.00
2017.03.08 02:11:26.139,1.51734,1.51753,1.00,1.00
2017.03.08 02:11:26.884,1.51734,1.51754,1.00,1.00
2017.03.08 02:11:27.315,1.51734,1.51751,1.00,1.00
2017.03.08 02:11:27.366,1.51734,1.51753,1.00,1.00
2017.03.08 02:11:27.819,1.51733,1.51755,1.00,1.00
2017.03.08 02:11:29.276,1.51733,1.51753,1.00,1.00
2017.03.08 02:11:30.276,1.51733,1.51754,1.00,1.00
2017.03.08 02:11:33.617,1.51723,1.51754,1.00,1.50
2017.03.08 02:11:33.945,1.51733,1.51753,1.00,1.00
2017.03.08 02:11:33.996,1.51733,1.51756,1.00,1.00
2017.03.08 02:11:34.331,1.51733,1.51754,1.00,1.00
2017.03.08 02:11:35.620,1.51733,1.51753,1.00,1.00
2017.03.08 02:11:35.937,1.51724,1.51754,1.00,1.00
2017.03.08 02:11:36.484,1.51723,1.51754,1.00,1.00
2017.03.08 02:11:39.154,1.51723,1.51753,1.00,1.00
2017.03.08 02:11:39.205,1.51723,1.51748,1.00,1.00
2017.03.08 02:11:39.588,1.51723,1.51746,1.00,1.00
2017.03.08 02:11:40.542,1.51723,1.51747,1.00,1.00
2017.03.08 02:11:44.558,1.51723,1.51748,1.00,1.00
2017.03.08 02:11:45.333,1.51723,1.51747,1.00,1.00
2017.03.08 02:11:46.742,1.51723,1.51749,1.00,1.00
2017.03.08 02:11:47.903,1.51723,1.5175,1.00,1.50
2017.03.08 02:11:49.917,1.51723,1.51749,1.00,1.00
2017.03.08 02:11:50.525,1.51723,1.5175,1.00,1.50
2017.03.08 02:11:56.332,1.51723,1.51751,1.00,1.00
2017.03.08 02:11:56.848,1.51723,1.51752,1.00,1.00
2017.03.08 02:11:59.199,1.51723,1.51751,1.00,1.00
2017.03.08 02:11:59.551,1.51734,1.51751,1.00,1.00
2017.03.08 02:12:01.138,1.51734,1.51752,1.00,1.00
2017.03.08 02:12:05.308,1.51734,1.51751,1.00,1.00
2017.03.08 02:12:12.540,1.51734,1.51753,1.00,1.00
2017.03.08 02:12:12.641,1.51724,1.51753,1.00,1.00
2017.03.08 02:12:12.881,1.51734,1.51754,1.00,1.00
2017.03.08 02:12:14.787,1.51734,1.51753,1.00,1.00
2017.03.08 02:12:18.057,1.51734,1.51752,1.00,1.00
2017.03.08 02:12:22.550,1.51734,1.51756,1.00,1.00
2017.03.08 02:12:30.223,1.51734,1.51754,1.00,1.00
2017.03.08 02:12:41.262,1.51734,1.51749,1.00,1.00
2017.03.08 02:12:41.413,1.51724,1.51748,1.00,1.00
2017.03.08 02:12:41.514,1.51733,1.51748,1.00,1.00
2017.03.08 02:12:41.615,1.51723,1.51748,1.00,1.00
2017.03.08 02:12:41.803,1.51723,1.5175,1.00,1.00
2017.03.08 02:12:41.854,1.51724,1.51748,1.00,1.00
2017.03.08 02:12:42.257,1.51734,1.51748,1.00,1.00
2017.03.08 02:12:42.766,1.51733,1.51748,1.00,1.00
2017.03.08 02:12:42.824,1.51733,1.51752,1.00,1.00
2017.03.08 02:12:42.975,1.51733,1.51754,1.00,1.00
2017.03.08 02:12:47.500,1.51724,1.51754,1.00,1.00
2017.03.08 02:12:47.650,1.51733,1.51754,1.00,1.00
2017.03.08 02:12:50.436,1.51733,1.5175,1.00,1.00
2017.03.08 02:12:50.537,1.51723,1.5175,1.00,1.00
2017.03.08 02:12:51.265,1.51723,1.51753,1.00,1.00
2017.03.08 02:12:51.628,1.51733,1.51753,1.00,1.00
2017.03.08 02:12:54.649,1.51733,1.51752,1.00,1.00
2017.03.08 02:12:57.275,1.51733,1.5175,1.00,1.00
2017.03.08 02:12:57.326,1.51724,1.5175,1.00,1.00
2017.03.08 02:12:58.461,1.51723,1.5175,1.00,1.00
2017.03.08 02:12:58.967,1.51723,1.51748,1.00,1.00
2017.03.08 02:12:59.507,1.51724,1.51748,1.00,1.00
2017.03.08 02:13:00.725,1.51724,1.51749,1.00,1.00
2017.03.08 02:13:01.415,1.51724,1.51751,1.00,1.00
2017.03.08 02:13:01.740,1.51723,1.51748,1.00,1.00
2017.03.08 02:13:05.202,1.51723,1.51749,1.00,1.00
2017.03.08 02:13:05.624,1.51723,1.51747,1.00,1.00
2017.03.08 02:13:10.072,1.51723,1.51743,1.00,1.00
2017.03.08 02:13:13.193,1.51723,1.51745,1.00,1.00
2017.03.08 02:13:15.389,1.51723,1.51743,1.00,1.00
2017.03.08 02:13:15.726,1.51723,1.51748,1.00,1.00
2017.03.08 02:13:15.878,1.51724,1.51751,1.00,1.00
2017.03.08 02:13:15.979,1.51724,1.51748,1.00,1.00
2017.03.08 02:13:16.488,1.51724,1.51747,1.00,1.00
2017.03.08 02:13:20.888,1.51723,1.51747,1.00,1.00
2017.03.08 02:13:21.676,1.51724,1.51747,1.00,1.00
2017.03.08 02:13:24.931,1.51724,1.51746,1.00,1.00
2017.03.08 02:13:25.133,1.51713,1.51742,1.00,1.00
2017.03.08 02:13:25.290,1.51713,1.5174,1.00,1.00
2017.03.08 02:13:26.222,1.51714,1.5174,1.00,1.00
2017.03.08 02:13:27.339,1.51714,1.51739,1.00,1.00
2017.03.08 02:13:28.093,1.51714,1.5174,1.00,1.00
2017.03.08 02:13:28.988,1.51714,1.51739,1.00,1.00
2017.03.08 02:13:29.039,1.51714,1.51741,1.00,1.00
2017.03.08 02:13:29.140,1.51714,1.51743,1.00,1.50
2017.03.08 02:13:31.230,1.51713,1.51743,1.00,1.00
2017.03.08 02:13:32.499,1.51724,1.51743,1.00,1.00
2017.03.08 02:13:37.895,1.51724,1.51744,1.00,1.00
2017.03.08 02:13:37.946,1.51714,1.51744,1.00,1.00
2017.03.08 02:13:38.254,1.51714,1.51742,1.00,1.00
2017.03.08 02:13:38.798,1.51714,1.51744,1.00,1.00
2017.03.08 02:13:39.510,1.51714,1.51745,1.00,1.00
2017.03.08 02:13:44.011,1.51714,1.51748,1.00,1.00
2017.03.08 02:13:44.264,1.51724,1.51748,1.00,1.00
2017.03.08 02:13:44.756,1.51713,1.51745,1.00,1.00
2017.03.08 02:13:45.990,1.51713,1.51749,1.00,1.50
2017.03.08 02:13:46.191,1.51713,1.51745,1.00,1.00
2017.03.08 02:13:46.801,1.51713,1.51748,1.00,1.00
2017.03.08 02:13:48.710,1.51713,1.51746,1.00,1.00
2017.03.08 02:13:49.123,1.51714,1.51743,1.00,1.00
2017.03.08 02:13:49.761,1.51714,1.51742,1.00,1.00
2017.03.08 02:13:58.282,1.51714,1.51744,1.00,1.50
2017.03.08 02:14:03.119,1.51714,1.51743,1.00,1.00
2017.03.08 02:14:07.961,1.51714,1.51744,1.00,1.50
2017.03.08 02:14:08.828,1.51714,1.51743,1.00,1.00
2017.03.08 02:14:10.375,1.51723,1.51743,1.00,1.00
2017.03.08 02:14:13.234,1.51723,1.51744,1.00,1.00
2017.03.08 02:14:14.508,1.51723,1.51745,1.00,1.50
2017.03.08 02:14:16.261,1.51714,1.51745,1.00,1.50
2017.03.08 02:14:16.312,1.51714,1.51747,1.00,1.00
2017.03.08 02:14:16.363,1.51724,1.51747,1.00,1.00
2017.03.08 02:14:16.414,1.51724,1.51749,1.00,1.50
2017.03.08 02:14:16.515,1.51724,1.51747,1.00,1.00
2017.03.08 02:14:17.759,1.51724,1.51749,1.00,1.00
2017.03.08 02:14:18.290,1.51724,1.5175,1.00,1.00
2017.03.08 02:14:18.828,1.51724,1.51749,1.00,1.00
2017.03.08 02:14:20.408,1.51724,1.51747,1.00,1.00
2017.03.08 02:14:20.756,1.51724,1.51749,1.00,1.00
2017.03.08 02:14:20.857,1.51715,1.51749,2.25,1.00
2017.03.08 02:14:20.907,1.51721,1.51754,1.00,1.00
2017.03.08 02:14:21.210,1.51724,1.51754,1.00,1.50
2017.03.08 02:14:21.311,1.51724,1.51758,1.00,1.00
2017.03.08 02:14:21.361,1.51724,1.51756,1.00,1.00
2017.03.08 02:14:21.714,1.51724,1.51752,1.00,1.00
2017.03.08 02:14:22.243,1.51723,1.51752,1.00,1.50
2017.03.08 02:14:22.582,1.51724,1.51746,1.00,1.00
2017.03.08 02:14:22.982,1.51724,1.51744,1.00,1.00
2017.03.08 02:14:23.896,1.51723,1.51744,1.00,1.00
2017.03.08 02:14:24.644,1.51724,1.51744,1.00,1.00
2017.03.08 02:14:25.699,1.51724,1.51743,1.00,1.00
2017.03.08 02:14:26.248,1.51724,1.51744,1.00,1.00
2017.03.08 02:14:28.345,1.51724,1.51745,1.00,1.50
2017.03.08 02:14:30.216,1.51723,1.51745,1.00,1.00
2017.03.08 02:14:31.750,1.51723,1.51746,1.00,1.00
2017.03.08 02:14:36.336,1.51724,1.51745,1.00,1.00
2017.03.08 02:14:38.512,1.51723,1.51745,1.00,1.00
2017.03.08 02:14:39.218,1.51724,1.51746,1.00,1.00
2017.03.08 02:14:42.333,1.51724,1.51745,1.00,1.00
2017.03.08 02:14:42.667,1.51724,1.51743,1.00,1.50
2017.03.08 02:14:45.493,1.51724,1.51742,1.00,1.00
2017.03.08 02:14:46.496,1.51724,1.51743,1.00,1.00
2017.03.08 02:14:47.118,1.51724,1.51742,1.00,1.00
2017.03.08 02:14:48.137,1.51724,1.51743,1.00,1.00
2017.03.08 02:14:49.556,1.51724,1.51742,1.00,1.00
2017.03.08 02:14:50.171,1.51724,1.51743,1.00,1.50
2017.03.08 02:14:50.956,1.51724,1.51742,1.00,1.00
2017.03.08 02:14:58.351,1.51724,1.51743,1.00,1.50
2017.03.08 02:14:59.337,1.51724,1.51742,1.00,1.00
2017.03.08 02:15:02.689,1.51724,1.51743,1.00,1.50
2017.03.08 02:15:03.414,1.51724,1.51744,1.00,1.00
2017.03.08 02:15:04.473,1.51724,1.51742,1.00,1.00
2017.03.08 02:15:05.571,1.51724,1.51743,1.00,1.00
2017.03.08 02:15:08.026,1.51724,1.51744,1.00,1.00
2017.03.08 02:15:08.077,1.51724,1.5175,1.00,1.50
2017.03.08 02:15:08.379,1.51724,1.51753,1.00,1.50
2017.03.08 02:15:08.429,1.51724,1.5175,1.00,1.00
2017.03.08 02:15:08.745,1.51724,1.51747,1.00,1.00
2017.03.08 02:15:10.184,1.51724,1.51748,1.00,1.00
2017.03.08 02:15:10.486,1.51734,1.51752,1.00,1.50
2017.03.08 02:15:10.587,1.51734,1.51754,1.00,1.00
2017.03.08 02:15:10.781,1.51724,1.51754,1.00,1.00
2017.03.08 02:15:10.832,1.51724,1.51751,1.00,1.00
2017.03.08 02:15:11.171,1.51733,1.51751,1.00,1.00
2017.03.08 02:15:14.364,1.51733,1.51753,1.00,1.00
2017.03.08 02:15:14.729,1.51723,1.51752,1.00,1.00
2017.03.08 02:15:15.109,1.51734,1.51753,1.00,1.00
2017.03.08 02:15:16.597,1.51734,1.51752,1.00,1.00
2017.03.08 02:15:18.485,1.51734,1.51753,1.00,1.00
2017.03.08 02:15:18.828,1.51734,1.5175,1.00,1.00
2017.03.08 02:15:23.970,1.51734,1.51749,1.00,1.00
2017.03.08 02:15:24.021,1.51734,1.51751,1.00,1.00
2017.03.08 02:15:24.287,1.51724,1.51751,1.00,1.00
2017.03.08 02:15:25.754,1.51724,1.5175,1.00,1.00
2017.03.08 02:15:27.970,1.51724,1.51752,1.00,1.00
2017.03.08 02:15:28.360,1.51724,1.5175,1.00,1.00
2017.03.08 02:15:28.745,1.51734,1.51752,1.00,1.00
2017.03.08 02:15:35.171,1.51724,1.51752,1.00,1.00
2017.03.08 02:15:35.405,1.51734,1.51753,1.00,1.00
2017.03.08 02:15:38.438,1.51734,1.51751,1.00,1.00
2017.03.08 02:15:40.431,1.51734,1.51752,1.00,1.00
2017.03.08 02:15:43.885,1.51734,1.5175,1.00,1.00
2017.03.08 02:15:44.538,1.51734,1.51752,1.00,1.00
2017.03.08 02:15:49.859,1.51734,1.51751,1.00,1.00
2017.03.08 02:15:49.960,1.51734,1.51756,1.00,1.00
2017.03.08 02:15:51.969,1.51734,1.5176,1.00,1.00
2017.03.08 02:15:52.020,1.51734,1.51762,1.00,2.25
2017.03.08 02:15:52.190,1.51734,1.5176,1.00,1.00
2017.03.08 02:15:57.720,1.51733,1.5176,1.00,1.00
2017.03.08 02:15:57.770,1.51733,1.51762,1.00,1.00
2017.03.08 02:15:58.020,1.51744,1.51763,1.00,1.00
2017.03.08 02:15:58.378,1.51744,1.51766,1.00,1.00
2017.03.08 02:16:00.426,1.51744,1.51767,1.00,1.00
2017.03.08 02:16:00.617,1.51733,1.51767,1.00,1.00
2017.03.08 02:16:03.482,1.51733,1.51768,1.00,1.00
2017.03.08 02:16:05.653,1.51743,1.51765,1.00,1.00
2017.03.08 02:16:06.533,1.51733,1.51765,1.00,1.50
2017.03.08 02:16:07.307,1.51733,1.51766,1.50,1.00
2017.03.08 02:16:07.358,1.51744,1.51762,1.00,1.00
2017.03.08 02:16:07.409,1.51733,1.51764,1.00,1.00
2017.03.08 02:16:07.533,1.51733,1.51762,1.00,1.00
2017.03.08 02:16:07.583,1.51733,1.51764,1.00,1.00
2017.03.08 02:16:08.365,1.51733,1.51763,1.00,1.00
2017.03.08 02:16:08.929,1.51733,1.51762,1.00,1.00
2017.03.08 02:16:09.452,1.51733,1.51761,1.00,1.00
2017.03.08 02:16:13.415,1.51733,1.51759,1.00,1.00
2017.03.08 02:16:14.049,1.51733,1.5176,1.00,1.00
2017.03.08 02:16:15.810,1.51733,1.51761,1.00,1.00
2017.03.08 02:16:18.758,1.51733,1.51762,1.00,1.00
2017.03.08 02:16:21.210,1.51733,1.51763,1.00,1.00
2017.03.08 02:16:24.129,1.51733,1.51761,1.00,1.00
2017.03.08 02:16:24.768,1.51733,1.5176,1.00,1.00
2017.03.08 02:16:26.343,1.51733,1.51759,1.00,1.00
2017.03.08 02:16:29.039,1.51733,1.51761,1.00,1.50
2017.03.08 02:16:29.090,1.51734,1.51764,1.00,1.00
2017.03.08 02:16:39.104,1.51734,1.51762,1.00,1.00
2017.03.08 02:16:41.004,1.51734,1.51761,1.00,1.00
2017.03.08 02:16:41.306,1.51734,1.51759,1.00,1.00
2017.03.08 02:16:51.241,1.51734,1.51757,1.00,1.00
2017.03.08 02:16:58.808,1.51734,1.51758,1.00,1.50
2017.03.08 02:16:59.151,1.51734,1.51754,1.00,1.00
2017.03.08 02:16:59.410,1.51734,1.51756,1.00,1.00
2017.03.08 02:17:00.068,1.51734,1.51755,1.00,1.00
2017.03.08 02:17:01.313,1.51734,1.51754,1.00,1.00
2017.03.08 02:17:06.739,1.51724,1.51745,1.00,1.00
2017.03.08 02:17:06.789,1.51724,1.51738,1.00,1.00
2017.03.08 02:17:06.840,1.51714,1.51736,1.00,1.50
2017.03.08 02:17:07.732,1.51714,1.51735,1.00,1.00
2017.03.08 02:17:08.992,1.51704,1.51734,1.50,1.00
2017.03.08 02:17:09.316,1.51714,1.51734,1.00,1.00
2017.03.08 02:17:10.184,1.51714,1.51732,1.00,1.00
2017.03.08 02:17:11.285,1.51714,1.51735,1.00,1.00
2017.03.08 02:17:12.134,1.51714,1.51734,1.00,1.00
2017.03.08 02:17:12.761,1.51704,1.51734,1.50,1.00
2017.03.08 02:17:12.812,1.51707,1.51736,1.00,1.00
2017.03.08 02:17:13.114,1.51724,1.51741,1.00,1.00
2017.03.08 02:17:13.660,1.51724,1.51742,1.00,1.50
2017.03.08 02:17:15.165,1.51724,1.5174,1.00,1.00
2017.03.08 02:17:15.266,1.51724,1.51742,1.00,1.50
2017.03.08 02:17:15.317,1.51724,1.5174,1.00,1.00
2017.03.08 02:17:16.818,1.51724,1.51741,1.00,1.00
2017.03.08 02:17:17.121,1.51724,1.51739,1.00,1.00
2017.03.08 02:17:19.261,1.51714,1.51739,1.00,1.00
2017.03.08 02:17:19.312,1.51714,1.51737,1.00,1.00
2017.03.08 02:17:19.363,1.51714,1.51739,1.00,1.00
2017.03.08 02:17:20.085,1.51714,1.51741,1.00,1.50
2017.03.08 02:17:20.884,1.51714,1.51739,1.00,1.00
2017.03.08 02:17:26.315,1.51714,1.5174,1.00,1.50
2017.03.08 02:17:28.699,1.51714,1.51738,1.00,1.00
2017.03.08 02:17:36.618,1.51713,1.51738,1.00,1.00
2017.03.08 02:17:36.668,1.51713,1.5174,1.00,1.50
2017.03.08 02:17:36.769,1.51724,1.51741,1.00,1.50
2017.03.08 02:17:39.218,1.51724,1.5174,1.00,1.00
2017.03.08 02:17:40.928,1.51724,1.5174,1.00,1.57
2017.03.08 02:17:41.029,1.51714,1.51738,1.00,1.75
2017.03.08 02:17:41.230,1.51713,1.51734,1.00,1.00
2017.03.08 02:17:41.931,1.51713,1.51733,1.00,1.00
2017.03.08 02:17:42.531,1.51713,1.51732,1.00,1.00
2017.03.08 02:17:42.582,1.51713,1.51737,1.00,1.50
2017.03.08 02:17:43.093,1.51713,1.51737,1.00,1.00
2017.03.08 02:17:43.245,1.51723,1.51737,1.00,1.00
2017.03.08 02:17:44.171,1.51723,1.51742,1.00,1.87
2017.03.08 02:17:50.251,1.51713,1.51741,1.00,1.00
2017.03.08 02:17:50.302,1.51713,1.51739,1.00,1.00
2017.03.08 02:17:53.707,1.51713,1.5174,1.00,1.20
2017.03.08 02:17:54.016,1.51713,1.51735,1.00,1.67
2017.03.08 02:17:54.454,1.51704,1.51734,1.00,1.75
2017.03.08 02:17:55.128,1.51713,1.51735,1.00,3.75
2017.03.08 02:17:55.395,1.51713,1.51735,1.00,1.87
2017.03.08 02:17:56.467,1.51713,1.51735,1.00,3.00
2017.03.08 02:18:04.968,1.51713,1.51733,1.00,1.00
2017.03.08 02:18:05.018,1.51713,1.51735,1.00,1.00
2017.03.08 02:18:05.069,1.51704,1.51735,1.00,1.00
2017.03.08 02:18:05.638,1.51703,1.51735,1.00,1.50
2017.03.08 02:18:06.367,1.51704,1.51735,1.00,1.50
2017.03.08 02:18:07.368,1.51704,1.51734,1.00,1.00
2017.03.08 02:18:09.814,1.51704,1.51735,1.00,1.50
2017.03.08 02:18:09.915,1.51704,1.51737,1.00,1.00
2017.03.08 02:18:09.966,1.51704,1.51739,1.50,1.00
2017.03.08 02:18:10.361,1.51714,1.51739,1.00,1.00
2017.03.08 02:18:10.951,1.51714,1.5174,1.00,1.00
2017.03.08 02:18:11.343,1.51704,1.51734,1.00,1.00
2017.03.08 02:18:11.393,1.51704,1.51726,1.00,1.00
2017.03.08 02:18:11.444,1.51703,1.51728,1.00,1.00
2017.03.08 02:18:11.646,1.51703,1.51732,1.00,1.12
2017.03.08 02:18:12.038,1.51704,1.51736,1.00,1.00
2017.03.08 02:18:13.816,1.51704,1.51739,1.50,1.00
2017.03.08 02:18:14.308,1.51706,1.51739,1.00,1.00
2017.03.08 02:18:14.638,1.51704,1.51737,1.50,1.00
2017.03.08 02:18:14.990,1.51714,1.51737,1.00,1.00
2017.03.08 02:18:16.361,1.51704,1.51737,1.50,1.00
2017.03.08 02:18:16.462,1.51713,1.51737,1.00,1.00
2017.03.08 02:18:22.159,1.51713,1.5174,1.00,1.50
2017.03.08 02:18:24.314,1.51713,1.51739,1.00,1.00
2017.03.08 02:18:28.823,1.51713,1.51738,1.00,1.00
2017.03.08 02:18:30.374,1.51713,1.51737,1.00,1.00
2017.03.08 02:18:30.425,1.51714,1.5174,1.00,1.00
2017.03.08 02:18:30.958,1.51713,1.51738,1.00,1.00
2017.03.08 02:18:31.172,1.51703,1.51733,1.00,1.00
2017.03.08 02:18:31.364,1.51703,1.51737,1.00,1.50
2017.03.08 02:18:31.516,1.51703,1.51734,1.00,1.00
2017.03.08 02:18:32.133,1.51704,1.51734,1.00,1.00
2017.03.08 02:18:33.979,1.51704,1.51733,1.00,1.00
2017.03.08 02:18:37.576,1.51704,1.51735,1.00,1.00
2017.03.08 02:18:38.217,1.51704,1.51734,1.00,1.00
2017.03.08 02:18:38.419,1.51703,1.5173,1.00,1.00
2017.03.08 02:18:38.470,1.51703,1.51733,1.00,1.00
2017.03.08 02:18:38.571,1.51703,1.51736,1.00,1.12
2017.03.08 02:18:38.823,1.51703,1.51733,1.00,1.00
2017.03.08 02:18:39.777,1.51703,1.51735,1.00,1.00
2017.03.08 02:18:48.613,1.51703,1.51732,1.00,1.00
2017.03.08 02:18:49.158,1.51704,1.51732,1.00,1.00
2017.03.08 02:18:49.661,1.51704,1.51731,1.00,1.00
2017.03.08 02:18:53.200,1.51704,1.5173,1.00,1.00
2017.03.08 02:18:56.006,1.51704,1.51731,1.00,1.00
2017.03.08 02:18:57.002,1.51704,1.51732,1.00,1.00
2017.03.08 02:18:58.714,1.51704,1.51733,1.00,1.00
2017.03.08 02:18:58.866,1.51694,1.51729,1.00,1.00
2017.03.08 02:18:59.232,1.51697,1.5173,1.00,1.00
2017.03.08 02:18:59.779,1.51698,1.51731,1.00,1.00
2017.03.08 02:19:01.115,1.51704,1.51731,1.00,1.20
2017.03.08 02:19:06.087,1.51704,1.51723,1.00,1.00
2017.03.08 02:19:06.137,1.51704,1.51728,1.00,1.50
2017.03.08 02:19:07.102,1.51704,1.51726,1.00,1.00
2017.03.08 02:19:12.450,1.51704,1.51728,1.00,1.00
2017.03.08 02:19:14.930,1.51704,1.5173,1.00,1.50
2017.03.08 02:19:14.981,1.51704,1.51728,1.00,1.00
2017.03.08 02:19:21.169,1.51704,1.51725,1.00,1.00
2017.03.08 02:19:21.219,1.51704,1.51727,1.00,1.00
2017.03.08 02:19:21.320,1.51704,1.51729,1.00,1.00
2017.03.08 02:19:22.756,1.51704,1.51727,1.00,1.00
2017.03.08 02:19:23.647,1.51704,1.51728,1.00,1.00
2017.03.08 02:19:31.907,1.51704,1.5173,1.00,1.00
2017.03.08 02:19:32.434,1.51703,1.5173,1.00,1.00
2017.03.08 02:19:32.987,1.51703,1.51729,1.00,1.00
2017.03.08 02:19:33.891,1.51703,1.51733,1.00,1.00
2017.03.08 02:19:34.261,1.51698,1.51733,1.00,1.00
2017.03.08 02:19:34.362,1.51704,1.51733,1.00,1.00
2017.03.08 02:19:34.870,1.51704,1.51734,1.00,1.00
2017.03.08 02:19:36.969,1.51703,1.51734,1.00,1.00
2017.03.08 02:19:44.765,1.51704,1.51736,1.00,1.00
2017.03.08 02:19:45.017,1.51704,1.51733,1.00,1.00
2017.03.08 02:19:50.939,1.51713,1.51732,1.00,1.00
2017.03.08 02:19:50.989,1.51713,1.51736,1.00,1.00
2017.03.08 02:19:51.040,1.51703,1.51733,1.00,1.00
2017.03.08 02:19:51.141,1.51714,1.51733,1.00,1.00
2017.03.08 02:19:51.487,1.51714,1.5173,1.00,1.00
2017.03.08 02:19:51.953,1.51704,1.5173,1.00,1.00
2017.03.08 02:19:56.614,1.51704,1.51731,1.00,1.00
2017.03.08 02:19:57.519,1.51714,1.51731,1.00,1.00
2017.03.08 02:19:57.632,1.51704,1.51735,1.00,1.00
2017.03.08 02:19:57.683,1.51705,1.51738,1.00,1.00
2017.03.08 02:19:57.734,1.517,1.51732,1.50,1.00
2017.03.08 02:19:58.036,1.51703,1.51732,1.00,1.00
2017.03.08 02:19:58.338,1.51704,1.51729,1.00,1.00
2017.03.08 02:20:01.207,1.51704,1.51732,1.00,1.00
2017.03.08 02:20:01.258,1.51714,1.51732,1.00,1.00
2017.03.08 02:20:01.309,1.51714,1.51734,1.00,1.00
2017.03.08 02:20:01.933,1.51703,1.51733,1.00,1.00
2017.03.08 02:20:02.035,1.51713,1.51735,1.00,1.00
2017.03.08 02:20:02.136,1.51704,1.51737,1.00,1.00
2017.03.08 02:20:02.287,1.51714,1.51737,1.00,1.00
2017.03.08 02:20:02.590,1.51703,1.5173,1.00,1.00
2017.03.08 02:20:03.113,1.51704,1.51734,1.00,1.00
2017.03.08 02:20:03.920,1.51704,1.51732,1.00,1.00
2017.03.08 02:20:04.271,1.51704,1.5173,1.00,1.00
2017.03.08 02:20:04.628,1.51704,1.51733,1.00,1.00
2017.03.08 02:20:04.679,1.51714,1.51736,1.00,1.00
2017.03.08 02:20:05.636,1.51714,1.51735,1.00,1.00
2017.03.08 02:20:07.423,1.51703,1.51734,1.00,1.00
2017.03.08 02:20:07.575,1.51714,1.51734,1.00,1.00
2017.03.08 02:20:07.676,1.51714,1.51737,1.00,1.00
2017.03.08 02:20:09.244,1.51714,1.51743,1.00,1.00
2017.03.08 02:20:09.762,1.51714,1.51732,1.00,1.00
2017.03.08 02:20:10.064,1.51703,1.51732,1.00,1.00
2017.03.08 02:20:10.115,1.51703,1.51736,1.00,1.37
2017.03.08 02:20:10.550,1.51713,1.51734,1.00,1.00
2017.03.08 02:20:11.163,1.51704,1.51734,1.00,1.00
2017.03.08 02:20:11.717,1.51713,1.51734,1.00,1.00
2017.03.08 02:20:13.029,1.51713,1.51733,1.00,1.00
2017.03.08 02:20:14.035,1.51713,1.51734,1.00,1.00
2017.03.08 02:20:15.049,1.51713,1.51733,1.00,1.00
2017.03.08 02:20:20.328,1.51704,1.51733,1.00,1.00
2017.03.08 02:20:20.480,1.51714,1.51733,1.00,1.00
2017.03.08 02:20:22.265,1.51713,1.51733,1.00,1.00
2017.03.08 02:20:24.554,1.51713,1.51734,1.00,1.00
2017.03.08 02:20:43.554,1.51713,1.51736,1.00,1.00
2017.03.08 02:20:44.296,1.51714,1.51736,1.00,1.00
2017.03.08 02:20:54.614,1.51714,1.51737,1.00,1.00
2017.03.08 02:20:56.735,1.51714,1.51736,1.00,1.00
2017.03.08 02:21:10.633,1.51713,1.51736,1.00,1.00
2017.03.08 02:21:10.684,1.51713,1.51743,1.00,1.00
2017.03.08 02:21:11.097,1.51713,1.51739,1.00,1.00
2017.03.08 02:21:11.601,1.51714,1.51741,1.00,1.00
2017.03.08 02:21:11.651,1.51714,1.51738,1.00,1.00
2017.03.08 02:21:11.752,1.51714,1.5174,1.00,1.00
2017.03.08 02:21:11.803,1.51724,1.5174,1.00,1.00
2017.03.08 02:21:12.307,1.51723,1.5174,1.00,1.00
2017.03.08 02:21:12.412,1.51713,1.5174,1.00,1.00
2017.03.08 02:21:12.676,1.51723,1.5174,1.00,1.00
2017.03.08 02:21:17.665,1.51713,1.5174,1.00,1.00
2017.03.08 02:21:18.180,1.51714,1.5174,1.00,1.00
2017.03.08 02:21:18.834,1.51714,1.51741,1.00,1.00
2017.03.08 02:21:18.886,1.51724,1.51741,1.00,1.00
2017.03.08 02:21:18.987,1.51724,1.51743,1.00,1.00
2017.03.08 02:21:19.088,1.51724,1.5174,1.00,1.00
2017.03.08 02:21:19.239,1.51724,1.51747,1.00,1.00
2017.03.08 02:21:21.216,1.51724,1.51749,1.00,1.00
2017.03.08 02:21:21.798,1.51724,1.51751,1.00,1.00
2017.03.08 02:21:22.538,1.51724,1.51749,1.00,1.00
2017.03.08 02:21:23.706,1.51724,1.51741,1.00,1.00
2017.03.08 02:21:24.132,1.51713,1.5174,1.00,1.00
2017.03.08 02:21:24.851,1.51713,1.51741,1.00,1.00
2017.03.08 02:21:27.329,1.51713,1.5174,1.00,1.00
2017.03.08 02:21:29.183,1.51713,1.51743,1.00,1.00
2017.03.08 02:21:33.051,1.51714,1.51739,1.00,1.00
2017.03.08 02:21:33.101,1.51714,1.51743,1.00,1.00
2017.03.08 02:21:33.202,1.51724,1.51745,1.00,1.00
2017.03.08 02:21:33.478,1.51724,1.51751,1.00,1.00
2017.03.08 02:21:39.544,1.51724,1.5175,1.00,1.00
2017.03.08 02:21:40.548,1.51724,1.51751,1.00,1.00
2017.03.08 02:21:40.649,1.51724,1.51749,1.00,1.00
2017.03.08 02:21:41.151,1.51723,1.51748,1.00,1.00
2017.03.08 02:21:41.678,1.51723,1.51747,1.00,1.00
2017.03.08 02:21:46.334,1.51723,1.51749,1.00,1.00
2017.03.08 02:21:46.762,1.51714,1.51749,1.00,1.00
2017.03.08 02:21:46.812,1.51719,1.51752,1.00,1.00
2017.03.08 02:21:47.136,1.51724,1.51754,1.00,1.00
2017.03.08 02:21:50.233,1.51724,1.51752,1.00,1.00
2017.03.08 02:21:52.368,1.51724,1.51754,1.00,1.00
2017.03.08 02:21:52.986,1.51724,1.51755,1.00,1.00
2017.03.08 02:21:53.799,1.51724,1.51754,1.00,1.00
2017.03.08 02:21:59.380,1.51715,1.51748,1.00,1.00
2017.03.08 02:21:59.430,1.51715,1.51745,1.00,1.00
2017.03.08 02:21:59.732,1.51724,1.51744,1.00,1.00
2017.03.08 02:22:01.371,1.51724,1.51745,1.00,1.00
2017.03.08 02:22:01.872,1.51723,1.51745,1.00,1.00
2017.03.08 02:22:07.791,1.51723,1.51744,1.00,1.00
2017.03.08 02:22:08.378,1.51723,1.51743,1.00,1.00
2017.03.08 02:22:08.982,1.51713,1.51743,1.00,1.00
2017.03.08 02:22:09.183,1.51713,1.51745,1.00,1.50
2017.03.08 02:22:09.881,1.51714,1.51745,1.00,1.50
2017.03.08 02:22:11.519,1.51714,1.51746,1.50,1.00
2017.03.08 02:22:11.570,1.51716,1.51747,1.00,1.00
2017.03.08 02:22:12.029,1.51724,1.51748,1.00,1.00
2017.03.08 02:22:13.584,1.51723,1.51748,1.00,1.00
2017.03.08 02:22:14.273,1.51723,1.51747,1.00,1.00
2017.03.08 02:22:20.616,1.51724,1.51747,1.00,1.00
2017.03.08 02:22:21.617,1.51723,1.51747,1.00,1.00
2017.03.08 02:22:22.121,1.51723,1.51746,1.00,1.00
2017.03.08 02:22:22.947,1.51714,1.51744,1.00,1.00
2017.03.08 02:22:23.206,1.51723,1.51744,1.00,1.00
2017.03.08 02:22:23.915,1.51723,1.51743,1.00,1.00
2017.03.08 02:22:26.934,1.51723,1.51742,1.00,1.00
2017.03.08 02:22:27.986,1.51713,1.51742,1.00,1.00
2017.03.08 02:22:29.303,1.51713,1.51746,1.00,1.00
2017.03.08 02:22:31.407,1.51713,1.51737,1.00,1.00
2017.03.08 02:22:31.709,1.51714,1.5174,1.00,1.00
2017.03.08 02:22:31.760,1.51714,1.51738,1.00,1.00
2017.03.08 02:22:32.427,1.51713,1.51738,1.00,1.00
2017.03.08 02:22:32.558,1.51713,1.5174,1.00,1.00
2017.03.08 02:22:32.962,1.51713,1.51738,1.00,1.00
2017.03.08 02:22:33.491,1.51714,1.51737,1.00,1.00
2017.03.08 02:22:35.293,1.51713,1.51737,1.00,1.00
2017.03.08 02:22:35.452,1.51713,1.5174,1.00,1.00
2017.03.08 02:22:35.654,1.51724,1.5174,1.00,1.00
2017.03.08 02:22:35.920,1.51713,1.5174,1.00,1.00
2017.03.08 02:22:40.273,1.51718,1.51746,1.00,1.00
2017.03.08 02:22:40.324,1.51723,1.51752,1.00,1.00
2017.03.08 02:22:40.375,1.51724,1.51758,1.00,1.50
2017.03.08 02:22:40.476,1.51727,1.5176,1.00,1.00
2017.03.08 02:22:40.778,1.51734,1.5176,1.00,1.00
2017.03.08 02:22:44.371,1.51734,1.51763,1.00,1.00
2017.03.08 02:22:46.454,1.51734,1.51761,1.00,1.00
2017.03.08 02:22:47.671,1.51734,1.51766,1.00,1.00
2017.03.08 02:22:47.722,1.51739,1.51768,1.00,1.00
2017.03.08 02:22:47.823,1.51739,1.51772,1.00,1.00
2017.03.08 02:22:47.874,1.51744,1.51772,1.00,1.00
2017.03.08 02:22:47.924,1.51739,1.51772,1.00,1.00
2017.03.08 02:22:48.025,1.51741,1.51775,1.00,1.00
2017.03.08 02:22:48.076,1.51745,1.51778,1.00,1.00
2017.03.08 02:22:48.401,1.51748,1.51781,1.00,1.00
2017.03.08 02:22:48.741,1.51746,1.51779,1.00,1.00
2017.03.08 02:22:48.843,1.51743,1.51778,1.50,1.00
2017.03.08 02:22:49.045,1.51744,1.51773,1.00,1.00
2017.03.08 02:22:50.816,1.51743,1.51773,1.00,1.00
2017.03.08 02:22:51.396,1.51744,1.51773,1.00,1.00
2017.03.08 02:22:51.985,1.51743,1.51773,1.00,1.00
2017.03.08 02:22:52.313,1.51743,1.51775,1.00,1.00
2017.03.08 02:22:52.364,1.51743,1.51777,1.00,1.00
2017.03.08 02:22:59.247,1.51744,1.51776,1.00,1.00
2017.03.08 02:22:59.399,1.51744,1.51774,1.00,1.00
2017.03.08 02:23:01.467,1.51743,1.51774,1.00,1.00
2017.03.08 02:23:01.989,1.51743,1.51775,1.00,1.00
2017.03.08 02:23:06.030,1.51744,1.51769,1.00,1.00
2017.03.08 02:23:06.080,1.51744,1.51772,1.00,1.00
2017.03.08 02:23:07.634,1.51744,1.51766,1.00,1.00
2017.03.08 02:23:07.735,1.51734,1.51761,1.00,1.00
2017.03.08 02:23:08.354,1.51723,1.51755,1.00,1.00
2017.03.08 02:23:08.405,1.51724,1.51757,1.00,1.00
2017.03.08 02:23:08.456,1.51723,1.51755,1.00,1.00
2017.03.08 02:23:08.858,1.51724,1.5176,1.50,1.00
2017.03.08 02:23:08.909,1.51723,1.51756,1.00,1.00
2017.03.08 02:23:09.211,1.51733,1.51757,1.00,1.00
2017.03.08 02:23:09.308,1.51733,1.5176,1.00,1.00
2017.03.08 02:23:09.695,1.51733,1.51756,1.00,1.00
2017.03.08 02:23:10.016,1.51734,1.51753,1.00,1.00
2017.03.08 02:23:10.167,1.51734,1.51755,1.00,1.50
2017.03.08 02:23:10.268,1.51734,1.51758,1.00,1.50
2017.03.08 02:23:10.455,1.51734,1.51756,1.00,1.00
2017.03.08 02:23:12.062,1.51733,1.51756,1.00,1.00
2017.03.08 02:23:16.514,1.51733,1.51755,1.00,1.00
2017.03.08 02:23:19.464,1.51734,1.51754,1.00,1.00
2017.03.08 02:23:19.616,1.51724,1.51751,1.00,1.00
2017.03.08 02:23:19.717,1.51724,1.51754,1.00,1.00
2017.03.08 02:23:19.880,1.51734,1.51754,1.00,1.00
2017.03.08 02:23:20.116,1.51723,1.51754,1.00,1.00
2017.03.08 02:23:20.217,1.51734,1.51754,1.00,1.00
2017.03.08 02:23:20.302,1.51724,1.51754,1.00,1.00
2017.03.08 02:23:20.928,1.51723,1.51753,1.00,1.00
2017.03.08 02:23:21.216,1.51724,1.51749,1.00,1.00
2017.03.08 02:23:21.731,1.51724,1.51753,1.00,1.00
2017.03.08 02:23:25.762,1.51723,1.51753,1.00,1.00
2017.03.08 02:23:26.463,1.51723,1.51754,1.00,1.50
2017.03.08 02:23:27.430,1.51723,1.51753,1.00,1.00
2017.03.08 02:23:29.452,1.51723,1.51752,1.00,1.00
2017.03.08 02:23:39.362,1.51724,1.51754,1.00,1.00
2017.03.08 02:23:39.866,1.51723,1.51756,1.00,1.50
2017.03.08 02:23:39.916,1.51734,1.51756,1.00,1.00
2017.03.08 02:23:41.900,1.51734,1.51755,1.00,1.00
2017.03.08 02:23:42.846,1.51734,1.51756,1.00,1.00
2017.03.08 02:23:43.004,1.51724,1.51756,1.00,1.00
2017.03.08 02:23:43.137,1.51733,1.51756,1.00,1.00
2017.03.08 02:23:55.881,1.51733,1.51757,1.00,1.00
2017.03.08 02:23:56.441,1.51733,1.51758,1.00,1.00
2017.03.08 02:23:56.901,1.51733,1.5176,1.00,1.00
2017.03.08 02:23:59.281,1.51726,1.5176,1.00,1.00
2017.03.08 02:23:59.405,1.51734,1.5176,1.00,1.00
2017.03.08 02:24:00.045,1.51734,1.51762,1.00,1.00
2017.03.08 02:24:02.436,1.51726,1.51762,1.00,1.00
2017.03.08 02:24:02.844,1.51734,1.51762,1.00,1.50
2017.03.08 02:24:04.157,1.51724,1.51755,1.50,1.00
2017.03.08 02:24:04.208,1.51724,1.51753,1.50,1.00
2017.03.08 02:24:04.711,1.51723,1.51754,1.00,1.00
2017.03.08 02:24:05.259,1.51724,1.51752,1.00,1.00
2017.03.08 02:24:06.853,1.51724,1.51753,1.00,1.00
2017.03.08 02:24:10.041,1.51724,1.51757,1.50,1.00
2017.03.08 02:24:10.092,1.51724,1.51759,1.50,1.12
2017.03.08 02:24:10.254,1.51734,1.51759,1.00,1.00
2017.03.08 02:24:11.011,1.51734,1.5176,1.00,1.00
2017.03.08 02:24:14.232,1.51733,1.51754,1.00,1.00
2017.03.08 02:24:14.534,1.51733,1.51752,1.00,1.00
2017.03.08 02:24:14.705,1.51724,1.51752,1.00,1.00
2017.03.08 02:24:15.276,1.51724,1.51751,1.00,1.00
2017.03.08 02:24:18.795,1.51724,1.5175,1.00,1.00
2017.03.08 02:24:18.995,1.51723,1.51755,1.00,1.50
2017.03.08 02:24:19.147,1.51724,1.51758,1.00,1.50
2017.03.08 02:24:19.688,1.51723,1.51758,1.00,1.00
2017.03.08 02:24:20.215,1.51724,1.51759,1.00,1.00
2017.03.08 02:24:23.510,1.51734,1.51759,1.00,1.00
2017.03.08 02:24:24.115,1.51734,1.51758,1.00,1.00
2017.03.08 02:24:34.173,1.51725,1.51758,1.00,1.00
2017.03.08 02:24:36.932,1.51734,1.51758,1.00,1.00
2017.03.08 02:24:40.116,1.51723,1.51754,1.00,1.00
2017.03.08 02:24:40.259,1.51724,1.51751,1.00,1.00
2017.03.08 02:24:40.310,1.51724,1.51754,1.45,1.00
2017.03.08 02:24:40.411,1.51726,1.51759,1.00,1.87
2017.03.08 02:24:40.462,1.51733,1.51759,1.00,1.00
2017.03.08 02:24:40.513,1.51726,1.51759,1.00,1.00
2017.03.08 02:24:40.564,1.51734,1.51763,1.12,1.00
2017.03.08 02:24:40.715,1.51743,1.51773,1.00,1.87
2017.03.08 02:24:40.766,1.5174,1.5177,1.00,1.00
2017.03.08 02:24:40.817,1.5174,1.51773,1.00,1.00
2017.03.08 02:24:40.867,1.51739,1.51766,1.00,1.00
2017.03.08 02:24:41.019,1.51734,1.51764,1.00,1.00
2017.03.08 02:24:41.120,1.51733,1.51766,1.00,1.00
2017.03.08 02:24:41.171,1.51732,1.51763,1.00,1.00
2017.03.08 02:24:41.272,1.51736,1.51769,1.00,1.00
2017.03.08 02:24:41.381,1.51741,1.51769,1.00,1.00
2017.03.08 02:24:41.432,1.51744,1.51773,1.00,1.00
2017.03.08 02:24:42.164,1.51743,1.51773,1.00,1.00
2017.03.08 02:24:42.720,1.51744,1.51773,1.00,1.00
2017.03.08 02:24:42.922,1.51744,1.51775,1.00,1.00
2017.03.08 02:24:43.850,1.51744,1.51777,1.00,1.00
2017.03.08 02:24:44.573,1.51745,1.51778,1.00,1.00
2017.03.08 02:24:45.115,1.51746,1.51779,1.00,1.00
2017.03.08 02:24:46.689,1.51744,1.51779,1.50,1.00
2017.03.08 02:24:47.722,1.51744,1.51778,1.50,1.00
2017.03.08 02:24:47.845,1.51746,1.51778,1.00,1.00
2017.03.08 02:24:48.047,1.51751,1.51784,1.00,1.00
2017.03.08 02:24:48.522,1.51754,1.51784,1.00,1.00
2017.03.08 02:24:49.034,1.51754,1.51783,1.00,1.00
2017.03.08 02:24:49.135,1.51754,1.51785,1.00,1.00
2017.03.08 02:24:49.660,1.51754,1.51782,1.00,1.00
2017.03.08 02:24:49.812,1.51754,1.51784,1.00,1.00
2017.03.08 02:24:50.796,1.51763,1.51784,1.00,1.00
2017.03.08 02:24:52.501,1.51764,1.51784,1.00,1.00
2017.03.08 02:24:55.094,1.51764,1.51785,1.00,1.00
2017.03.08 02:24:55.243,1.51764,1.51788,1.00,1.00
2017.03.08 02:24:55.294,1.51764,1.5179,1.00,1.00
2017.03.08 02:24:55.345,1.51764,1.51792,1.00,1.50
2017.03.08 02:24:55.497,1.51773,1.51791,1.00,1.00
2017.03.08 02:24:55.598,1.51773,1.51797,1.00,1.00
2017.03.08 02:24:56.101,1.51773,1.51795,1.00,1.00
2017.03.08 02:24:57.077,1.51764,1.51795,1.00,1.00
2017.03.08 02:24:57.600,1.51764,1.51794,1.00,1.00
2017.03.08 02:24:58.309,1.51764,1.51793,1.00,1.00
2017.03.08 02:24:58.830,1.51763,1.51793,1.00,1.00
2017.03.08 02:24:59.350,1.51763,1.51794,1.00,1.00
2017.03.08 02:24:59.603,1.51763,1.51796,1.50,1.00
2017.03.08 02:25:00.605,1.51763,1.51798,1.50,1.00
2017.03.08 02:25:00.963,1.51766,1.51799,1.00,1.00
2017.03.08 02:25:01.724,1.51767,1.518,1.00,1.50
2017.03.08 02:25:02.044,1.51773,1.51804,1.00,1.00
2017.03.08 02:25:02.900,1.51773,1.51805,1.50,1.00
2017.03.08 02:25:03.432,1.51774,1.51805,1.00,1.00
2017.03.08 02:25:04.058,1.51773,1.51805,1.50,1.00
2017.03.08 02:25:06.094,1.51764,1.51796,1.75,1.00
2017.03.08 02:25:06.245,1.51761,1.51794,1.00,1.50
2017.03.08 02:25:06.295,1.51763,1.51794,1.00,1.00
2017.03.08 02:25:06.497,1.51765,1.51798,1.00,1.00
2017.03.08 02:25:06.650,1.51765,1.518,1.00,1.50
2017.03.08 02:25:07.268,1.51773,1.518,1.00,1.50
2017.03.08 02:25:07.470,1.51765,1.51797,1.00,1.00
2017.03.08 02:25:08.017,1.51765,1.51798,1.00,1.00
2017.03.08 02:25:09.288,1.51764,1.51791,1.00,1.00
2017.03.08 02:25:09.339,1.51764,1.51799,1.00,1.50
2017.03.08 02:25:09.390,1.51764,1.51797,1.00,1.00
2017.03.08 02:25:09.697,1.51774,1.51798,1.00,1.00
2017.03.08 02:25:09.748,1.51774,1.51802,1.00,1.50
2017.03.08 02:25:09.849,1.51774,1.51804,1.00,1.35
2017.03.08 02:25:10.383,1.51773,1.51805,1.00,1.50
2017.03.08 02:25:10.667,1.51773,1.51801,1.00,1.00
2017.03.08 02:25:11.669,1.51773,1.51802,1.00,1.00
2017.03.08 02:25:14.094,1.51773,1.518,1.00,1.00
2017.03.08 02:25:14.674,1.51773,1.51799,1.00,1.00
2017.03.08 02:25:15.102,1.51773,1.51797,1.00,1.00
2017.03.08 02:25:15.959,1.51764,1.51797,1.50,1.00
2017.03.08 02:25:16.010,1.51768,1.51799,1.00,1.00
2017.03.08 02:25:16.328,1.51773,1.51801,1.00,1.00
2017.03.08 02:25:17.678,1.51767,1.51796,1.00,1.00
2017.03.08 02:25:17.728,1.51774,1.51795,1.00,1.00
2017.03.08 02:25:17.879,1.51774,1.51798,1.00,1.50
2017.03.08 02:25:18.031,1.51774,1.51796,1.00,1.00
2017.03.08 02:25:18.182,1.51764,1.51796,1.00,1.00
2017.03.08 02:25:18.670,1.51764,1.51798,1.00,1.00
2017.03.08 02:25:18.720,1.51764,1.51795,1.00,1.00
2017.03.08 02:25:19.472,1.51764,1.51793,1.00,1.00
2017.03.08 02:25:19.623,1.51755,1.51788,1.95,1.00
2017.03.08 02:25:19.775,1.51754,1.51785,1.37,1.00
2017.03.08 02:25:20.077,1.51753,1.51773,1.00,1.00
2017.03.08 02:25:20.128,1.51744,1.51774,1.00,1.00
2017.03.08 02:25:20.329,1.51744,1.51771,1.00,1.00
2017.03.08 02:25:20.531,1.51744,1.51774,1.00,1.00
2017.03.08 02:25:20.632,1.51744,1.51772,1.00,1.00
2017.03.08 02:25:20.902,1.51744,1.51774,1.00,1.00
2017.03.08 02:25:21.012,1.51745,1.51776,1.00,1.00
2017.03.08 02:25:21.063,1.51746,1.51778,1.00,1.00
2017.03.08 02:25:21.114,1.51744,1.51778,1.50,1.00
2017.03.08 02:25:21.164,1.51753,1.51778,1.00,1.00
2017.03.08 02:25:21.315,1.51746,1.51779,1.00,1.00
2017.03.08 02:25:21.467,1.51753,1.51779,1.00,1.00
2017.03.08 02:25:22.128,1.51754,1.51779,1.00,1.00
2017.03.08 02:25:22.547,1.51754,1.51781,1.00,1.00
2017.03.08 02:25:23.554,1.51754,1.51782,1.00,1.00
2017.03.08 02:25:24.114,1.51754,1.51784,1.00,1.00
2017.03.08 02:25:24.316,1.51753,1.51786,1.50,1.00
2017.03.08 02:25:25.158,1.51754,1.51786,1.00,1.00
2017.03.08 02:25:25.705,1.51754,1.51787,1.00,1.00
2017.03.08 02:25:26.059,1.5176,1.51791,1.00,1.00
2017.03.08 02:25:26.211,1.5176,1.51793,1.00,1.00
2017.03.08 02:25:26.312,1.51762,1.51793,1.00,1.00
2017.03.08 02:25:27.026,1.51763,1.51795,1.00,1.00
2017.03.08 02:25:28.808,1.51764,1.51797,1.00,1.50
2017.03.08 02:25:29.326,1.51761,1.51788,1.00,1.00
2017.03.08 02:25:29.376,1.51754,1.51788,1.12,1.00
2017.03.08 02:25:29.830,1.51756,1.51791,1.00,1.00
2017.03.08 02:25:30.098,1.5176,1.51793,1.00,1.00
2017.03.08 02:25:30.401,1.51766,1.51795,1.00,1.00
2017.03.08 02:25:30.647,1.51763,1.51795,1.00,1.00
2017.03.08 02:25:31.188,1.51763,1.51794,1.00,1.00
2017.03.08 02:25:31.378,1.51763,1.51796,1.00,1.00
2017.03.08 02:25:31.530,1.51766,1.51799,1.00,1.00
2017.03.08 02:25:31.711,1.51763,1.518,1.00,1.00
2017.03.08 02:25:32.215,1.51764,1.518,1.00,1.00
2017.03.08 02:25:32.367,1.51764,1.51802,1.00,1.00
2017.03.08 02:25:32.619,1.51763,1.51797,1.00,1.00
2017.03.08 02:25:32.972,1.51765,1.51797,1.00,1.00
2017.03.08 02:25:33.978,1.51766,1.51797,1.00,1.00
2017.03.08 02:25:34.987,1.51765,1.51797,1.00,1.00
2017.03.08 02:25:35.324,1.51764,1.51792,1.00,1.00
2017.03.08 02:25:35.850,1.51763,1.51792,1.00,1.00
2017.03.08 02:25:36.265,1.51759,1.51792,1.00,1.00
2017.03.08 02:25:38.858,1.51763,1.51792,1.00,1.00
2017.03.08 02:25:39.418,1.51764,1.51792,1.00,1.00
2017.03.08 02:25:40.182,1.51764,1.51793,1.00,1.00
2017.03.08 02:25:41.215,1.51764,1.51797,1.00,1.12
2017.03.08 02:25:41.744,1.51763,1.51797,1.00,1.50
2017.03.08 02:25:44.691,1.51763,1.51795,1.00,1.00
2017.03.08 02:25:47.776,1.51765,1.51798,1.00,1.00
2017.03.08 02:25:47.827,1.51767,1.51799,1.00,1.12
2017.03.08 02:25:47.928,1.51764,1.51798,1.00,1.00
2017.03.08 02:25:48.245,1.51766,1.518,1.00,1.00
2017.03.08 02:25:48.882,1.51766,1.51802,1.00,1.00
2017.03.08 02:25:50.166,1.51769,1.51802,1.00,1.00
2017.03.08 02:25:50.216,1.51769,1.51804,1.00,1.00
2017.03.08 02:25:51.216,1.51769,1.51802,1.00,1.00
2017.03.08 02:25:52.842,1.51769,1.51805,1.00,1.12
2017.03.08 02:25:52.994,1.51769,1.51803,1.00,1.00
2017.03.08 02:25:55.212,1.5177,1.51803,1.00,1.00
2017.03.08 02:25:57.364,1.51763,1.51799,2.25,1.00
2017.03.08 02:25:57.415,1.51763,1.51797,1.00,1.00
2017.03.08 02:25:57.918,1.51764,1.51797,1.00,1.00
2017.03.08 02:25:58.422,1.51764,1.51798,1.00,1.00
2017.03.08 02:25:58.768,1.51767,1.518,1.00,1.00
2017.03.08 02:25:59.080,1.51765,1.51798,1.00,1.00
2017.03.08 02:25:59.383,1.51763,1.51795,1.00,1.00
2017.03.08 02:26:00.205,1.51763,1.51798,1.00,1.00
2017.03.08 02:26:00.584,1.51765,1.51799,1.00,1.00
2017.03.08 02:26:01.264,1.51773,1.51799,1.00,1.00
2017.03.08 02:26:01.843,1.51774,1.51798,1.00,1.00
2017.03.08 02:26:03.929,1.51764,1.51792,1.00,1.00
2017.03.08 02:26:03.980,1.51764,1.5179,1.00,1.00
2017.03.08 02:26:04.486,1.51763,1.5179,1.00,1.00
2017.03.08 02:26:06.816,1.51764,1.51793,1.00,1.00
2017.03.08 02:26:06.917,1.51764,1.51795,1.00,1.00
2017.03.08 02:26:07.665,1.51763,1.51795,1.00,1.00
2017.03.08 02:26:07.864,1.51763,1.51797,1.50,1.00
2017.03.08 02:26:08.864,1.51763,1.51798,1.50,1.00
2017.03.08 02:26:09.155,1.51763,1.51794,1.00,1.00
2017.03.08 02:26:09.457,1.51764,1.51791,1.00,1.00
2017.03.08 02:26:10.228,1.51764,1.51789,1.00,1.00
2017.03.08 02:26:10.278,1.51764,1.51792,1.00,1.00
2017.03.08 02:26:12.112,1.51764,1.51794,1.00,1.00
2017.03.08 02:26:13.209,1.51764,1.51793,1.00,1.00
2017.03.08 02:26:13.361,1.51764,1.51791,1.00,1.00
2017.03.08 02:26:13.854,1.51764,1.51793,1.00,1.00
2017.03.08 02:26:14.663,1.51764,1.51792,1.00,1.00
2017.03.08 02:26:15.207,1.51764,1.51791,1.00,1.00
2017.03.08 02:26:15.752,1.51764,1.51792,1.00,1.00
2017.03.08 02:26:16.356,1.51759,1.51792,1.00,1.00
2017.03.08 02:26:16.507,1.51763,1.51792,1.00,1.00
2017.03.08 02:26:16.839,1.51764,1.51787,1.00,1.00
2017.03.08 02:26:16.940,1.51754,1.51787,1.00,1.00
2017.03.08 02:26:17.669,1.51754,1.51786,1.00,1.00
2017.03.08 02:26:18.308,1.51755,1.51788,1.00,1.00
2017.03.08 02:26:18.603,1.51754,1.51785,1.00,1.00
2017.03.08 02:26:19.129,1.51753,1.51785,1.12,1.00
2017.03.08 02:26:19.596,1.51753,1.51787,1.12,1.00
2017.03.08 02:26:22.366,1.51754,1.51789,1.00,1.00
2017.03.08 02:26:22.621,1.51754,1.51789,1.45,1.00
2017.03.08 02:26:22.923,1.51774,1.51802,1.00,1.00
2017.03.08 02:26:25.272,1.51774,1.51804,1.00,1.00
2017.03.08 02:26:25.813,1.51774,1.51803,1.00,1.00
2017.03.08 02:26:26.740,1.51773,1.51802,1.00,1.00
2017.03.08 02:26:27.409,1.51774,1.51802,1.00,1.00
2017.03.08 02:26:29.781,1.51774,1.51804,1.00,1.00
2017.03.08 02:26:30.730,1.51773,1.51804,1.00,1.00
2017.03.08 02:26:31.258,1.51773,1.51803,1.00,1.00
2017.03.08 02:26:32.357,1.51773,1.51804,1.00,1.00
2017.03.08 02:26:34.347,1.51773,1.51805,1.00,1.00
2017.03.08 02:26:34.616,1.5177,1.51805,1.50,1.00
2017.03.08 02:26:34.667,1.51773,1.51804,1.00,1.00
2017.03.08 02:26:35.188,1.51774,1.51804,1.00,1.00
2017.03.08 02:26:38.906,1.51774,1.51801,1.00,1.00
2017.03.08 02:26:39.057,1.51766,1.51799,1.12,1.00
2017.03.08 02:26:39.159,1.51765,1.51796,1.37,1.00
2017.03.08 02:26:39.410,1.51764,1.51796,1.00,1.00
2017.03.08 02:26:40.038,1.51767,1.518,1.00,1.00
2017.03.08 02:26:42.319,1.51767,1.51801,1.00,1.00
2017.03.08 02:26:44.162,1.51771,1.51804,1.00,1.00
2017.03.08 02:26:44.465,1.51766,1.51799,1.37,1.50
2017.03.08 02:26:44.515,1.51766,1.51799,1.00,1.00
2017.03.08 02:26:45.140,1.51767,1.518,1.00,1.00
2017.03.08 02:26:45.645,1.51768,1.51801,1.00,1.00
2017.03.08 02:26:46.150,1.51768,1.51803,1.00,1.00
2017.03.08 02:26:46.511,1.51768,1.518,1.00,1.00
2017.03.08 02:26:47.482,1.51768,1.51801,1.00,1.00
2017.03.08 02:26:48.455,1.51766,1.51799,1.00,1.00
2017.03.08 02:26:48.801,1.51766,1.51797,1.00,1.00
2017.03.08 02:26:50.711,1.51766,1.51799,1.00,1.00
2017.03.08 02:26:59.032,1.51765,1.51799,1.00,1.00
2017.03.08 02:26:59.579,1.51764,1.51799,1.00,1.00
2017.03.08 02:26:59.630,1.51766,1.51799,1.00,1.00
2017.03.08 02:27:00.160,1.51765,1.51798,1.00,1.00
2017.03.08 02:27:01.963,1.51766,1.51799,1.00,1.00
2017.03.08 02:27:06.014,1.51764,1.51793,1.00,1.00
2017.03.08 02:27:06.216,1.51763,1.51797,1.50,1.00
2017.03.08 02:27:06.743,1.51764,1.51797,1.00,1.00
2017.03.08 02:27:06.844,1.51765,1.518,1.00,1.00
2017.03.08 02:27:06.894,1.51768,1.51801,1.00,1.00
2017.03.08 02:27:08.810,1.51764,1.51799,2.62,1.00
2017.03.08 02:27:08.861,1.51764,1.51795,1.12,1.00
2017.03.08 02:27:10.038,1.51763,1.51795,1.00,1.00
2017.03.08 02:27:10.631,1.51764,1.51795,1.00,1.00
2017.03.08 02:27:10.976,1.51764,1.51793,1.00,1.00
2017.03.08 02:27:12.789,1.51764,1.51792,1.00,1.00
2017.03.08 02:27:13.098,1.51764,1.5179,1.00,1.50
2017.03.08 02:27:13.636,1.51763,1.5179,1.00,1.50
2017.03.08 02:27:14.163,1.51763,1.51789,1.00,1.00
2017.03.08 02:27:14.713,1.51756,1.51789,1.00,1.00
2017.03.08 02:27:14.763,1.51758,1.5179,1.00,1.00
2017.03.08 02:27:15.076,1.51764,1.51788,1.00,1.00
2017.03.08 02:27:15.378,1.51755,1.51788,1.00,1.00
2017.03.08 02:27:15.630,1.51764,1.51788,1.00,1.00
2017.03.08 02:27:16.168,1.51764,1.51789,1.00,1.00
2017.03.08 02:27:16.803,1.51764,1.5179,1.00,1.50
2017.03.08 02:27:20.145,1.51764,1.51789,1.00,1.00
2017.03.08 02:27:20.397,1.51755,1.51788,1.00,1.50
2017.03.08 02:27:21.118,1.51754,1.51787,1.00,1.00
2017.03.08 02:27:21.648,1.51755,1.51788,1.00,1.50
2017.03.08 02:27:22.416,1.51756,1.51789,1.00,1.50
2017.03.08 02:27:23.026,1.51756,1.51788,1.00,1.00
2017.03.08 02:27:23.609,1.51756,1.51789,1.00,1.00
2017.03.08 02:27:23.710,1.51756,1.51791,1.00,1.00
2017.03.08 02:27:23.872,1.51764,1.51791,1.00,1.00
2017.03.08 02:27:24.275,1.51756,1.51791,1.00,1.00
2017.03.08 02:27:24.777,1.51757,1.51792,1.00,1.00
2017.03.08 02:27:26.427,1.51763,1.51792,1.00,1.00
2017.03.08 02:27:27.128,1.51757,1.51792,1.00,1.00
2017.03.08 02:27:27.179,1.5176,1.51793,1.00,1.50
2017.03.08 02:27:27.229,1.51762,1.51796,1.00,1.00
2017.03.08 02:27:27.280,1.51764,1.51796,1.50,1.00
2017.03.08 02:27:27.331,1.51766,1.51799,1.00,1.12
2017.03.08 02:27:29.901,1.51764,1.51799,1.50,1.00
2017.03.08 02:27:30.524,1.51764,1.51797,1.50,1.00
2017.03.08 02:27:32.455,1.51764,1.51796,1.00,1.00
2017.03.08 02:27:33.425,1.51763,1.51797,1.00,1.00
2017.03.08 02:27:40.936,1.51764,1.51797,1.00,1.00
2017.03.08 02:27:41.647,1.51763,1.51797,1.50,1.00
2017.03.08 02:27:42.544,1.51763,1.51798,1.50,1.00
2017.03.08 02:27:43.701,1.51763,1.51796,1.50,1.00
2017.03.08 02:27:44.931,1.51764,1.51797,1.00,1.00
2017.03.08 02:27:57.308,1.51765,1.51799,1.00,1.00
2017.03.08 02:27:57.828,1.51765,1.518,1.00,1.00
2017.03.08 02:27:58.118,1.51765,1.51798,1.00,1.00
2017.03.08 02:27:58.685,1.51766,1.51799,1.00,1.00
2017.03.08 02:28:00.005,1.51767,1.518,1.00,1.00
2017.03.08 02:28:07.688,1.51768,1.51803,1.00,1.00
2017.03.08 02:28:07.738,1.51768,1.51801,1.00,1.00
2017.03.08 02:28:08.041,1.51773,1.51801,1.00,1.00
2017.03.08 02:28:08.091,1.51773,1.51804,1.00,1.00
2017.03.08 02:28:10.143,1.51786,1.51807,1.67,1.00
2017.03.08 02:28:10.294,1.51797,1.51818,1.00,1.00
2017.03.08 02:28:10.345,1.51794,1.51818,1.00,1.00
2017.03.08 02:28:10.396,1.51794,1.51826,1.67,1.50
2017.03.08 02:28:10.447,1.51804,1.51826,1.00,1.50
2017.03.08 02:28:10.666,1.51813,1.51841,1.00,1.00
2017.03.08 02:28:10.717,1.51813,1.51844,1.67,1.00
2017.03.08 02:28:11.020,1.51814,1.51845,1.75,1.00
2017.03.08 02:28:11.121,1.51814,1.51849,1.87,1.50
2017.03.08 02:28:11.172,1.51814,1.51844,1.50,1.00
2017.03.08 02:28:11.797,1.51814,1.51843,1.00,1.00
2017.03.08 02:28:12.828,1.51814,1.51844,1.00,1.00
2017.03.08 02:28:13.518,1.51814,1.51845,1.00,1.00
2017.03.08 02:28:13.619,1.51814,1.51847,1.00,1.00
2017.03.08 02:28:14.147,1.51814,1.51846,1.00,1.00
2017.03.08 02:28:15.017,1.51814,1.51845,1.00,1.00
2017.03.08 02:28:15.349,1.51823,1.51845,1.00,1.00
2017.03.08 02:28:15.980,1.51823,1.51846,1.00,1.50
2017.03.08 02:28:16.031,1.51814,1.51846,1.00,1.50
2017.03.08 02:28:16.258,1.51823,1.51846,1.00,1.00
2017.03.08 02:28:16.415,1.51813,1.51843,1.00,1.00
2017.03.08 02:28:17.078,1.51813,1.51842,1.00,1.00
2017.03.08 02:28:17.608,1.51813,1.51841,1.00,1.00
2017.03.08 02:28:17.992,1.51823,1.51842,1.00,1.00
2017.03.08 02:28:18.194,1.51827,1.51859,1.12,1.37
2017.03.08 02:28:18.245,1.51834,1.51859,1.00,1.00
2017.03.08 02:28:18.296,1.51834,1.51868,1.00,2.25
2017.03.08 02:28:18.447,1.51833,1.51869,1.00,1.00
2017.03.08 02:28:18.548,1.51843,1.5187,1.00,1.00
2017.03.08 02:28:19.068,1.51833,1.51867,1.00,1.00
2017.03.08 02:28:19.269,1.51834,1.51865,1.00,1.00
2017.03.08 02:28:19.794,1.51833,1.51865,1.00,1.00
2017.03.08 02:28:25.900,1.51833,1.51866,1.00,1.00
2017.03.08 02:28:26.512,1.51834,1.51859,1.00,1.00
2017.03.08 02:28:26.714,1.51824,1.51857,2.70,1.00
2017.03.08 02:28:27.806,1.51829,1.51862,1.00,1.00
2017.03.08 02:28:27.856,1.51834,1.51862,1.00,1.00
2017.03.08 02:28:28.008,1.51834,1.51865,1.00,1.50
2017.03.08 02:28:33.499,1.51843,1.51865,1.00,1.00
2017.03.08 02:28:34.920,1.51834,1.51864,1.00,1.00
2017.03.08 02:28:35.280,1.51844,1.51867,1.00,1.00
2017.03.08 02:28:35.381,1.51834,1.51867,1.00,1.00
2017.03.08 02:28:35.654,1.51843,1.51867,1.00,1.00
2017.03.08 02:28:36.245,1.51844,1.51867,1.00,1.00
2017.03.08 02:28:36.480,1.51833,1.51867,1.00,1.00
2017.03.08 02:28:38.352,1.51834,1.5187,1.50,1.50
2017.03.08 02:28:38.403,1.51834,1.51868,1.50,1.00
2017.03.08 02:28:38.707,1.51843,1.51868,1.00,1.00
2017.03.08 02:28:39.090,1.51834,1.51868,1.00,1.00
2017.03.08 02:28:39.304,1.51844,1.51868,1.00,1.00
2017.03.08 02:28:39.412,1.51844,1.5187,1.00,1.00
2017.03.08 02:28:39.465,1.51835,1.5187,1.00,1.00
2017.03.08 02:28:39.725,1.51844,1.5187,1.00,1.00
2017.03.08 02:28:41.314,1.51835,1.5187,1.00,1.00
2017.03.08 02:28:45.035,1.51843,1.5187,1.00,1.00
2017.03.08 02:28:45.714,1.51853,1.51869,1.00,1.00
2017.03.08 02:28:45.900,1.51854,1.51871,1.00,1.00
2017.03.08 02:28:45.951,1.51853,1.51873,1.00,1.00
2017.03.08 02:28:46.051,1.51853,1.51876,1.00,1.12
2017.03.08 02:28:46.765,1.51863,1.51876,1.00,1.00
2017.03.08 02:28:46.979,1.51854,1.51876,1.00,1.00
2017.03.08 02:28:48.654,1.51853,1.51876,1.00,1.00
2017.03.08 02:28:50.314,1.51862,1.51876,1.00,1.50
2017.03.08 02:28:50.962,1.51853,1.51876,1.00,1.00
2017.03.08 02:28:51.107,1.51854,1.51873,1.00,1.50
2017.03.08 02:28:53.660,1.51844,1.51869,1.00,1.00
2017.03.08 02:28:53.711,1.51844,1.51857,1.00,1.00
2017.03.08 02:28:53.813,1.51834,1.51851,1.00,1.00
2017.03.08 02:28:54.016,1.51824,1.51851,1.00,1.00
2017.03.08 02:28:56.008,1.51824,1.51849,1.00,1.00
2017.03.08 02:28:57.074,1.51824,1.51847,1.00,1.00
2017.03.08 02:29:00.131,1.51813,1.51836,1.00,1.00
2017.03.08 02:29:00.232,1.51803,1.51835,2.25,1.00
2017.03.08 02:29:00.282,1.51805,1.51835,1.00,1.00
2017.03.08 02:29:00.407,1.51803,1.51834,1.50,1.00
2017.03.08 02:29:00.458,1.51804,1.51837,1.00,1.00
2017.03.08 02:29:00.509,1.51813,1.51837,1.00,1.00
2017.03.08 02:29:01.336,1.51814,1.51837,1.00,1.00
2017.03.08 02:29:01.840,1.51813,1.51837,1.00,1.00
2017.03.08 02:29:02.307,1.51814,1.51835,1.00,1.00
2017.03.08 02:29:02.357,1.51804,1.51835,1.50,1.00
2017.03.08 02:29:02.458,1.51813,1.51835,1.00,1.00
2017.03.08 02:29:03.075,1.51813,1.51836,1.00,1.00
2017.03.08 02:29:03.590,1.51813,1.51834,1.00,1.00
2017.03.08 02:29:03.840,1.51813,1.51836,1.00,1.00
2017.03.08 02:29:03.908,1.51813,1.51834,1.00,1.00
2017.03.08 02:29:04.909,1.51813,1.51835,1.00,1.00
2017.03.08 02:29:05.700,1.51813,1.51836,1.00,1.00
2017.03.08 02:29:06.244,1.51813,1.51835,1.00,1.00
2017.03.08 02:29:06.911,1.51813,1.51834,1.00,1.00
2017.03.08 02:29:07.039,1.51806,1.51839,1.00,1.00
2017.03.08 02:29:07.140,1.51803,1.51833,1.95,1.00
2017.03.08 02:29:07.444,1.51813,1.51831,1.00,1.00
2017.03.08 02:29:07.595,1.51804,1.51831,1.00,1.00
2017.03.08 02:29:07.645,1.51804,1.51827,1.00,1.00
2017.03.08 02:29:08.049,1.51804,1.51832,1.00,1.00
2017.03.08 02:29:08.150,1.51804,1.51834,1.00,1.00
2017.03.08 02:29:08.302,1.51813,1.51837,1.00,1.00
2017.03.08 02:29:08.756,1.51814,1.5184,1.00,1.00
2017.03.08 02:29:09.211,1.51814,1.51838,1.00,1.00
2017.03.08 02:29:09.717,1.51814,1.51839,1.00,1.00
2017.03.08 02:29:10.431,1.51814,1.51835,1.00,1.00
2017.03.08 02:29:11.083,1.51814,1.51838,1.00,1.00
2017.03.08 02:29:11.782,1.51814,1.51839,1.00,1.00
2017.03.08 02:29:12.109,1.51814,1.51841,1.00,1.00
2017.03.08 02:29:13.097,1.51814,1.51839,1.00,1.00
2017.03.08 02:29:14.357,1.51814,1.5184,1.00,1.00
2017.03.08 02:29:15.501,1.51813,1.5184,1.00,1.00
2017.03.08 02:29:22.120,1.51814,1.51836,1.00,1.00
2017.03.08 02:29:25.225,1.51813,1.51836,1.00,1.00
2017.03.08 02:29:26.729,1.51814,1.51836,1.00,1.00
2017.03.08 02:29:30.187,1.51814,1.51837,1.00,1.00
2017.03.08 02:29:31.014,1.51813,1.51846,1.00,1.50
2017.03.08 02:29:31.065,1.51816,1.51846,1.00,1.00
2017.03.08 02:29:31.368,1.51823,1.51849,1.00,1.00
2017.03.08 02:29:31.723,1.51823,1.51847,1.00,1.00
2017.03.08 02:29:40.663,1.51823,1.51846,1.00,1.00
2017.03.08 02:29:41.209,1.51823,1.51845,1.00,1.00
2017.03.08 02:29:41.764,1.51814,1.51845,1.00,1.00
2017.03.08 02:29:43.785,1.51814,1.51842,1.00,1.00
2017.03.08 02:29:47.409,1.51823,1.51841,1.00,1.00
2017.03.08 02:29:48.385,1.51823,1.51842,1.00,1.00
2017.03.08 02:29:50.191,1.51814,1.51844,1.00,1.00
2017.03.08 02:29:50.242,1.51813,1.5184,1.00,1.00
2017.03.08 02:29:50.745,1.51813,1.51841,1.00,1.00
2017.03.08 02:29:51.181,1.51814,1.51838,1.00,1.00
2017.03.08 02:29:51.232,1.51804,1.51831,1.00,1.00
2017.03.08 02:29:52.153,1.51804,1.51833,1.00,1.00
2017.03.08 02:29:52.357,1.51803,1.51831,1.00,1.00
2017.03.08 02:29:52.862,1.51803,1.5183,1.00,1.00
2017.03.08 02:29:53.396,1.51804,1.5183,1.00,1.00
2017.03.08 02:29:53.648,1.51804,1.51833,1.00,1.50
2017.03.08 02:29:54.170,1.51804,1.51832,1.00,1.00
2017.03.08 02:29:54.472,1.51803,1.51829,1.00,1.00
2017.03.08 02:29:55.186,1.51804,1.51829,1.00,1.00
2017.03.08 02:29:55.938,1.51804,1.51828,1.00,1.00
2017.03.08 02:29:56.466,1.51804,1.51829,1.00,1.00
2017.03.08 02:29:58.319,1.51804,1.51827,1.00,1.00
2017.03.08 02:29:59.765,1.51804,1.51828,1.00,1.00
2017.03.08 02:29:59.917,1.51803,1.51833,1.00,1.00
2017.03.08 02:30:00.069,1.51803,1.51838,1.50,2.25
2017.03.08 02:30:00.293,1.51806,1.51838,1.00,1.00
2017.03.08 02:30:00.844,1.51806,1.51839,1.00,1.00
2017.03.08 02:30:01.606,1.51807,1.5184,1.00,1.00
2017.03.08 02:30:02.814,1.51814,1.5184,1.00,1.00
2017.03.08 02:30:09.048,1.51814,1.51838,1.00,1.00
2017.03.08 02:30:09.787,1.51814,1.5184,1.00,1.00
2017.03.08 02:30:10.760,1.51814,1.51842,1.00,1.50
2017.03.08 02:30:10.811,1.51814,1.51845,1.00,1.50
2017.03.08 02:30:10.912,1.51814,1.51848,1.00,1.50
2017.03.08 02:30:10.962,1.51823,1.51849,1.00,1.00
2017.03.08 02:30:11.821,1.51823,1.5185,1.00,1.00
2017.03.08 02:30:13.833,1.51823,1.51851,1.00,1.00
2017.03.08 02:30:14.887,1.51823,1.5185,1.00,1.00
2017.03.08 02:30:15.558,1.51824,1.5185,1.00,1.00
2017.03.08 02:30:17.352,1.51824,1.51852,1.00,1.00
2017.03.08 02:30:17.912,1.51826,1.51857,1.00,1.50
2017.03.08 02:30:17.963,1.51827,1.5186,1.00,1.00
2017.03.08 02:30:18.014,1.51833,1.5186,1.00,1.00
2017.03.08 02:30:18.065,1.51833,1.51862,1.00,1.00
2017.03.08 02:30:18.613,1.51834,1.51862,1.00,1.00
2017.03.08 02:30:19.250,1.51834,1.51865,1.00,1.50
2017.03.08 02:30:22.874,1.51834,1.51867,1.00,1.00
2017.03.08 02:30:27.874,1.51834,1.51866,1.50,1.00
2017.03.08 02:30:30.301,1.51834,1.51867,1.50,1.00
2017.03.08 02:30:34.479,1.51834,1.51865,1.00,1.00
2017.03.08 02:30:35.020,1.51833,1.51868,1.50,1.00
2017.03.08 02:30:35.071,1.5184,1.51873,1.00,1.00
2017.03.08 02:30:35.222,1.51843,1.51877,1.00,1.00
2017.03.08 02:30:35.323,1.5185,1.51882,1.00,1.00
2017.03.08 02:30:35.425,1.51853,1.51886,1.50,1.12
2017.03.08 02:30:36.095,1.51853,1.51888,1.50,1.00
2017.03.08 02:30:37.662,1.51853,1.51886,1.00,1.00
2017.03.08 02:30:41.005,1.51853,1.51883,1.00,1.00
2017.03.08 02:30:41.277,1.51848,1.51881,1.00,1.00
2017.03.08 02:30:41.530,1.51854,1.51881,1.00,1.00
2017.03.08 02:30:42.113,1.51846,1.51881,1.00,1.00
2017.03.08 02:30:42.533,1.51844,1.51878,1.00,1.00
2017.03.08 02:30:42.836,1.51838,1.51871,1.00,1.00
2017.03.08 02:30:43.789,1.51837,1.5187,1.00,1.00
2017.03.08 02:30:44.336,1.51838,1.51871,1.00,1.00
2017.03.08 02:30:45.189,1.51837,1.5187,1.00,1.00
2017.03.08 02:30:45.525,1.51837,1.51872,1.00,1.00
2017.03.08 02:30:47.412,1.51839,1.51873,1.00,1.00
2017.03.08 02:30:48.129,1.51844,1.51873,1.00,1.00
2017.03.08 02:30:48.440,1.51844,1.51871,1.00,1.00
2017.03.08 02:30:48.490,1.51844,1.51873,1.00,1.00
2017.03.08 02:30:48.678,1.51844,1.5187,1.00,1.00
2017.03.08 02:30:48.729,1.51837,1.51867,1.00,1.00
2017.03.08 02:30:49.031,1.51835,1.51867,1.00,1.00
2017.03.08 02:30:49.311,1.51833,1.51865,1.00,1.00
2017.03.08 02:30:49.513,1.51834,1.51867,1.50,1.00
2017.03.08 02:30:50.782,1.51834,1.51866,1.00,1.00
2017.03.08 02:30:50.833,1.51834,1.51864,1.00,1.00
2017.03.08 02:30:50.883,1.51831,1.51864,1.00,1.00
2017.03.08 02:30:51.817,1.51831,1.51863,1.00,1.00
2017.03.08 02:30:55.812,1.5183,1.51863,1.00,1.00
2017.03.08 02:30:56.236,1.5183,1.51865,1.00,1.50
2017.03.08 02:30:56.711,1.51829,1.51861,1.00,1.00
2017.03.08 02:30:56.762,1.51825,1.5186,1.00,1.00
2017.03.08 02:30:56.951,1.51825,1.51856,1.00,1.00
2017.03.08 02:31:00.314,1.51826,1.51856,1.00,1.00
2017.03.08 02:31:02.442,1.51825,1.51856,1.00,1.00
2017.03.08 02:31:03.716,1.51834,1.51859,1.00,1.00
2017.03.08 02:31:04.936,1.51828,1.51856,1.00,1.00
2017.03.08 02:31:05.014,1.51834,1.5186,1.00,1.00
2017.03.08 02:31:05.341,1.51828,1.51857,1.00,1.00
2017.03.08 02:31:06.464,1.51834,1.5186,1.00,1.00
2017.03.08 02:31:08.109,1.51824,1.51856,1.50,1.00
2017.03.08 02:31:08.210,1.51824,1.51853,1.00,1.00
2017.03.08 02:31:08.311,1.51818,1.5185,1.00,1.50
2017.03.08 02:31:08.512,1.51814,1.51847,1.00,1.00
2017.03.08 02:31:12.596,1.51814,1.51849,1.00,1.50
2017.03.08 02:31:13.623,1.51813,1.51848,1.50,1.00
2017.03.08 02:31:30.382,1.51815,1.51847,1.00,1.00
2017.03.08 02:31:36.114,1.51818,1.5185,1.00,1.00
2017.03.08 02:31:36.165,1.51818,1.51852,1.00,1.00
2017.03.08 02:31:37.150,1.51815,1.5185,1.00,1.00
2017.03.08 02:31:37.557,1.51823,1.51851,1.00,1.50
2017.03.08 02:31:38.265,1.51823,1.5185,1.00,1.00
2017.03.08 02:31:42.058,1.51823,1.51851,1.00,1.00
2017.03.08 02:31:42.311,1.51818,1.51851,1.00,1.00
2017.03.08 02:31:42.512,1.51824,1.51851,1.00,1.00
2017.03.08 02:31:45.411,1.51824,1.5185,1.00,1.00
2017.03.08 02:31:47.532,1.51824,1.51849,1.00,1.00
2017.03.08 02:31:49.108,1.51813,1.51848,1.50,1.00
2017.03.08 02:31:50.054,1.51813,1.51846,1.00,1.00
2017.03.08 02:31:50.764,1.51824,1.51846,1.00,1.00
2017.03.08 02:31:51.359,1.51824,1.51847,1.00,1.00
2017.03.08 02:31:57.470,1.51814,1.51847,1.50,1.00
2017.03.08 02:31:57.740,1.51824,1.51847,1.00,1.00
2017.03.08 02:31:58.712,1.51824,1.51846,1.00,1.00
2017.03.08 02:32:00.441,1.51824,1.51848,1.00,1.00
2017.03.08 02:32:00.548,1.51813,1.51848,1.50,1.00
2017.03.08 02:32:01.061,1.51823,1.51848,1.00,1.00
2017.03.08 02:32:04.460,1.51824,1.51848,1.00,1.00
2017.03.08 02:32:10.226,1.51823,1.5185,1.00,1.00
2017.03.08 02:32:10.738,1.51824,1.51852,1.00,1.50
2017.03.08 02:32:12.406,1.51814,1.51844,1.00,1.00
2017.03.08 02:32:12.507,1.51814,1.51847,1.00,1.00
2017.03.08 02:32:12.666,1.51813,1.51843,1.00,1.00
2017.03.08 02:32:13.278,1.51814,1.51843,1.00,1.00
2017.03.08 02:32:14.547,1.51813,1.51843,1.00,1.00
2017.03.08 02:32:14.782,1.51813,1.51846,1.50,1.00
2017.03.08 02:32:15.514,1.51814,1.51845,1.00,1.00
2017.03.08 02:32:15.786,1.51814,1.51843,1.00,1.00
2017.03.08 02:32:15.951,1.51814,1.51845,1.00,1.00
2017.03.08 02:32:16.053,1.51814,1.51847,1.50,1.00
2017.03.08 02:32:17.023,1.51814,1.51844,1.00,1.00
2017.03.08 02:32:17.551,1.51814,1.51845,1.00,1.00
2017.03.08 02:32:17.602,1.51814,1.51847,1.00,1.00
2017.03.08 02:32:17.754,1.51814,1.51845,1.00,1.00
2017.03.08 02:32:18.716,1.51814,1.51847,1.00,1.00
2017.03.08 02:32:19.039,1.51814,1.51845,1.00,1.00
2017.03.08 02:32:20.458,1.51813,1.51845,1.00,1.00
2017.03.08 02:32:21.021,1.51814,1.51846,1.00,1.00
2017.03.08 02:32:24.762,1.51823,1.51846,1.00,1.00
2017.03.08 02:32:25.992,1.51823,1.51847,1.00,1.00
2017.03.08 02:32:27.099,1.51823,1.51849,1.00,1.00
2017.03.08 02:32:27.918,1.51823,1.51848,1.00,1.00
2017.03.08 02:32:29.316,1.51815,1.51848,1.00,1.00
2017.03.08 02:32:30.502,1.51814,1.51847,1.50,1.00
2017.03.08 02:32:30.614,1.51824,1.51847,1.00,1.00
2017.03.08 02:32:31.340,1.51814,1.51847,1.00,1.00
2017.03.08 02:32:31.492,1.51814,1.51845,1.00,1.35
2017.03.08 02:32:31.794,1.51794,1.51825,1.50,1.00
2017.03.08 02:32:32.097,1.51804,1.51829,1.00,1.12
2017.03.08 02:32:32.694,1.51804,1.51826,1.00,1.00
2017.03.08 02:32:34.540,1.51793,1.51826,1.50,1.00
2017.03.08 02:32:35.046,1.51794,1.51826,1.00,1.00
2017.03.08 02:32:35.937,1.51793,1.51826,1.50,1.00
2017.03.08 02:32:36.917,1.51794,1.51826,1.00,1.00
2017.03.08 02:32:37.547,1.51793,1.51826,1.50,1.00
2017.03.08 02:32:37.598,1.51796,1.51829,1.00,1.00
2017.03.08 02:32:37.900,1.51814,1.51842,1.00,1.00
2017.03.08 02:32:38.102,1.51809,1.51842,1.00,1.00
2017.03.08 02:32:38.610,1.51805,1.5184,1.00,1.00
2017.03.08 02:32:38.761,1.51803,1.51837,1.00,1.00
2017.03.08 02:32:39.094,1.51806,1.51838,1.00,1.00
2017.03.08 02:32:39.397,1.51813,1.5184,1.00,1.00
2017.03.08 02:32:39.699,1.51813,1.51838,1.00,1.00
2017.03.08 02:32:39.750,1.51813,1.5184,1.00,1.00
2017.03.08 02:32:40.510,1.51813,1.51837,1.00,1.00
2017.03.08 02:32:41.737,1.51804,1.51837,1.50,1.00
2017.03.08 02:32:43.832,1.51806,1.5184,1.00,1.00
2017.03.08 02:32:44.319,1.51804,1.51838,1.50,1.00
2017.03.08 02:32:44.649,1.51807,1.5184,1.00,1.50
2017.03.08 02:32:45.174,1.51804,1.5184,1.00,1.00
2017.03.08 02:32:45.938,1.51804,1.51843,1.00,1.50
2017.03.08 02:32:46.039,1.51804,1.5184,1.00,1.00
2017.03.08 02:32:46.750,1.51804,1.51842,1.00,1.00
2017.03.08 02:32:47.254,1.51803,1.51841,1.00,1.50
2017.03.08 02:32:47.835,1.51803,1.5184,1.00,1.00
2017.03.08 02:32:47.885,1.51803,1.51838,1.00,1.00
2017.03.08 02:32:47.988,1.51803,1.51841,1.00,1.50
2017.03.08 02:32:48.038,1.51803,1.51839,1.00,1.00
2017.03.08 02:32:48.560,1.51803,1.51838,1.00,1.00
2017.03.08 02:32:49.218,1.51803,1.51837,1.00,1.00
2017.03.08 02:32:52.142,1.51803,1.51834,1.00,1.00
2017.03.08 02:32:53.320,1.51803,1.51839,1.00,1.50
2017.03.08 02:32:53.372,1.51803,1.51836,1.50,1.00
2017.03.08 02:32:53.423,1.51803,1.51838,1.00,1.00
2017.03.08 02:32:53.992,1.51804,1.51838,1.00,1.00
2017.03.08 02:32:54.449,1.51804,1.51836,1.00,1.00
2017.03.08 02:32:55.540,1.51803,1.51836,1.00,1.00
2017.03.08 02:32:55.914,1.51814,1.51836,1.00,1.00
2017.03.08 02:32:56.279,1.51814,1.51834,1.00,1.00
2017.03.08 02:32:56.514,1.51804,1.51834,1.00,1.00
2017.03.08 02:32:57.147,1.51803,1.51834,1.00,1.00
2017.03.08 02:32:57.349,1.51803,1.51837,1.00,1.00
2017.03.08 02:32:57.451,1.51803,1.51833,1.00,1.00
2017.03.08 02:32:58.413,1.51803,1.51834,1.00,1.00
2017.03.08 02:33:00.337,1.51803,1.51837,1.50,1.00
2017.03.08 02:33:00.607,1.51814,1.5184,1.00,1.00
2017.03.08 02:33:00.658,1.51814,1.51845,1.00,1.00
2017.03.08 02:33:03.946,1.51814,1.51842,1.00,1.00
2017.03.08 02:33:05.695,1.51814,1.5184,1.00,1.00
2017.03.08 02:33:14.352,1.51834,1.51866,1.12,1.50
2017.03.08 02:33:14.403,1.51839,1.51866,1.00,1.00
2017.03.08 02:33:14.454,1.51835,1.51869,1.20,1.00
2017.03.08 02:33:14.504,1.51834,1.51866,1.95,1.00
2017.03.08 02:33:14.807,1.51834,1.51858,1.00,1.00
2017.03.08 02:33:14.858,1.51834,1.51864,1.00,1.00
2017.03.08 02:33:14.959,1.51834,1.51868,1.00,1.00
2017.03.08 02:33:15.110,1.51836,1.51867,1.75,1.00
2017.03.08 02:33:15.211,1.51838,1.51877,1.20,1.00
2017.03.08 02:33:15.262,1.51838,1.51877,1.27,1.00
2017.03.08 02:33:15.478,1.51836,1.51877,1.37,2.25
2017.03.08 02:33:15.580,1.51835,1.51873,1.47,1.00
2017.03.08 02:33:15.882,1.51843,1.51871,1.00,1.00
2017.03.08 02:33:16.439,1.51843,1.51869,1.00,1.00
2017.03.08 02:33:17.482,1.51843,1.51872,1.00,1.00
2017.03.08 02:33:17.533,1.51837,1.51875,1.00,1.00
2017.03.08 02:33:17.584,1.51834,1.51871,1.75,1.00
2017.03.08 02:33:17.886,1.51844,1.51871,1.00,1.00
2017.03.08 02:33:18.514,1.51834,1.51871,1.00,1.00
2017.03.08 02:33:19.817,1.51834,1.51873,1.50,1.00
2017.03.08 02:33:20.086,1.51844,1.51874,1.00,1.00
2017.03.08 02:33:20.136,1.51835,1.51874,1.00,1.00
2017.03.08 02:33:20.663,1.51834,1.51873,2.25,1.00
2017.03.08 02:33:21.016,1.51831,1.51872,1.37,1.00
2017.03.08 02:33:21.167,1.51843,1.51872,1.00,1.00
2017.03.08 02:33:21.218,1.51834,1.51871,1.00,1.00
2017.03.08 02:33:26.047,1.51834,1.51869,1.00,1.50
2017.03.08 02:33:26.451,1.51833,1.51872,1.50,1.50
2017.03.08 02:33:26.956,1.51833,1.51872,2.25,1.00
2017.03.08 02:33:27.057,1.51834,1.5187,1.12,1.00
2017.03.08 02:33:27.360,1.51834,1.51867,1.00,1.00
2017.03.08 02:33:27.598,1.51827,1.51864,1.00,1.00
2017.03.08 02:33:28.056,1.51829,1.51864,1.00,1.00
2017.03.08 02:33:28.208,1.51835,1.51873,1.00,1.60
2017.03.08 02:33:29.068,1.51834,1.51871,1.00,1.00
2017.03.08 02:33:29.539,1.51833,1.51869,1.12,1.00
2017.03.08 02:33:29.640,1.51833,1.51871,1.12,1.00
2017.03.08 02:33:29.885,1.51834,1.51868,1.00,1.00
2017.03.08 02:33:30.187,1.51844,1.51868,1.00,1.00
2017.03.08 02:33:30.339,1.51834,1.51866,1.00,1.00
2017.03.08 02:33:30.440,1.51844,1.51869,1.00,1.00
2017.03.08 02:33:30.591,1.51844,1.51871,1.00,1.00
2017.03.08 02:33:31.459,1.51844,1.51869,1.00,1.00
2017.03.08 02:33:31.561,1.51844,1.51871,1.00,1.50
2017.03.08 02:33:32.742,1.51844,1.51872,1.00,2.10
2017.03.08 02:33:33.297,1.51844,1.51871,1.00,1.00
2017.03.08 02:33:34.181,1.51844,1.51872,1.00,2.10
2017.03.08 02:33:34.689,1.51844,1.51871,1.00,1.00
2017.03.08 02:33:35.151,1.51844,1.51869,1.00,1.00
2017.03.08 02:33:35.548,1.51844,1.51872,1.00,2.10
2017.03.08 02:33:35.649,1.51834,1.51872,1.00,1.50
2017.03.08 02:33:35.699,1.51834,1.51868,1.00,1.50
2017.03.08 02:33:36.002,1.51834,1.51866,1.00,1.00
2017.03.08 02:33:36.307,1.51834,1.51864,1.00,1.00
2017.03.08 02:33:36.431,1.51834,1.51866,1.00,1.00
2017.03.08 02:33:36.482,1.51834,1.51868,1.00,1.00
2017.03.08 02:33:37.028,1.51834,1.51869,1.00,1.50
2017.03.08 02:33:37.480,1.51834,1.51867,1.00,1.00
2017.03.08 02:33:37.781,1.51834,1.51865,1.00,1.00
2017.03.08 02:33:37.983,1.51834,1.51867,1.00,2.25
2017.03.08 02:33:38.500,1.51834,1.51868,1.00,1.00
2017.03.08 02:33:40.170,1.51834,1.51866,1.00,1.00
2017.03.08 02:33:41.407,1.51834,1.51865,1.00,1.00
2017.03.08 02:33:42.723,1.51834,1.51867,1.50,1.00
2017.03.08 02:33:42.824,1.51843,1.51871,1.00,1.00
2017.03.08 02:33:42.975,1.51843,1.51873,1.00,2.10
2017.03.08 02:33:43.126,1.51838,1.51873,1.00,1.00
2017.03.08 02:33:43.278,1.51843,1.51873,1.00,1.00
2017.03.08 02:33:43.809,1.51844,1.51873,1.00,1.00
2017.03.08 02:33:45.651,1.51844,1.51874,1.00,1.00
2017.03.08 02:33:46.859,1.51841,1.51874,1.00,1.00
2017.03.08 02:33:46.943,1.51844,1.51874,1.00,1.00
2017.03.08 02:33:47.221,1.51834,1.51867,1.50,1.00
2017.03.08 02:33:47.272,1.51834,1.51864,1.00,1.00
2017.03.08 02:33:47.576,1.51834,1.51867,1.50,1.00
2017.03.08 02:33:47.627,1.51844,1.51867,1.00,1.00
2017.03.08 02:33:53.183,1.51843,1.51867,1.00,1.00
2017.03.08 02:34:03.115,1.51844,1.51867,1.00,1.00
2017.03.08 02:34:11.027,1.51834,1.51867,1.50,1.00
2017.03.08 02:34:11.282,1.51843,1.51867,1.00,1.00
2017.03.08 02:34:20.743,1.51834,1.51867,1.00,1.00
2017.03.08 02:34:22.444,1.51844,1.51867,1.00,1.50
2017.03.08 02:34:22.824,1.51844,1.51865,1.00,1.00
2017.03.08 02:34:22.926,1.51834,1.51863,1.00,1.00
2017.03.08 02:34:23.077,1.51834,1.51865,1.00,1.00
2017.03.08 02:34:24.306,1.51834,1.51866,1.00,1.50
2017.03.08 02:34:24.665,1.51844,1.51866,1.00,1.50
2017.03.08 02:34:25.932,1.51844,1.51865,1.00,1.00
2017.03.08 02:34:27.121,1.51844,1.51867,1.00,1.50
2017.03.08 02:34:27.953,1.51844,1.51864,1.00,1.00
2017.03.08 02:34:28.237,1.51833,1.51863,1.00,1.00
2017.03.08 02:34:28.658,1.51833,1.51865,1.00,1.50
2017.03.08 02:34:28.921,1.51844,1.51865,1.00,1.00
2017.03.08 02:34:29.439,1.51844,1.51866,1.00,1.00
2017.03.08 02:34:31.151,1.51833,1.51866,1.00,1.00
2017.03.08 02:34:32.172,1.51833,1.5186,1.00,1.00
2017.03.08 02:34:32.223,1.51833,1.51862,1.00,1.00
2017.03.08 02:34:32.374,1.51833,1.5186,1.00,1.00
2017.03.08 02:34:33.143,1.51833,1.51861,1.00,1.50
2017.03.08 02:34:34.704,1.51833,1.51862,1.00,1.00
2017.03.08 02:34:34.754,1.51833,1.51864,1.00,1.00
2017.03.08 02:34:35.359,1.51834,1.51865,1.00,1.00
2017.03.08 02:34:36.362,1.51836,1.51869,1.00,1.00
2017.03.08 02:34:36.530,1.51836,1.51864,1.00,1.00
2017.03.08 02:34:36.580,1.51834,1.51864,1.00,1.00
2017.03.08 02:34:36.782,1.51827,1.51862,1.75,1.87
2017.03.08 02:34:36.959,1.51827,1.51859,1.00,1.00
2017.03.08 02:34:37.111,1.51824,1.51854,1.00,1.00
2017.03.08 02:34:37.528,1.51821,1.51854,1.50,1.00
2017.03.08 02:34:37.684,1.51824,1.51854,1.00,1.00
2017.03.08 02:34:41.160,1.5182,1.51854,1.00,1.00
2017.03.08 02:34:41.261,1.51823,1.51854,1.00,1.00
2017.03.08 02:34:43.383,1.51823,1.51853,1.00,1.00
2017.03.08 02:34:44.659,1.51824,1.51853,1.00,1.50
2017.03.08 02:34:45.357,1.51823,1.51853,1.00,1.50
2017.03.08 02:34:46.328,1.51823,1.51852,1.00,1.00
2017.03.08 02:34:51.141,1.51824,1.51857,1.00,1.50
2017.03.08 02:34:51.605,1.51834,1.51858,1.00,1.50
2017.03.08 02:34:51.813,1.51825,1.51858,1.00,1.50
2017.03.08 02:34:52.214,1.51825,1.5186,1.00,1.50
2017.03.08 02:34:52.583,1.51827,1.5186,1.00,1.50
2017.03.08 02:34:53.088,1.51827,1.51859,1.00,1.00
2017.03.08 02:34:54.065,1.51827,1.5186,1.00,1.00
2017.03.08 02:34:54.533,1.51827,1.51858,1.00,1.00
2017.03.08 02:34:55.126,1.51827,1.51859,1.00,1.00
2017.03.08 02:34:56.725,1.51827,1.51858,1.00,1.00
2017.03.08 02:34:57.644,1.51825,1.51859,1.00,1.50
2017.03.08 02:34:58.646,1.51825,1.5186,1.00,1.00
2017.03.08 02:34:58.879,1.51824,1.51857,1.50,1.50
2017.03.08 02:34:59.314,1.51834,1.51856,1.00,1.00
2017.03.08 02:34:59.834,1.51834,1.51857,1.00,1.50
2017.03.08 02:35:01.385,1.51824,1.51857,1.50,1.50
2017.03.08 02:35:01.652,1.51833,1.51857,1.00,1.50
2017.03.08 02:35:12.248,1.51823,1.51855,1.00,1.00
2017.03.08 02:35:12.958,1.51824,1.51854,1.00,1.00
2017.03.08 02:35:15.740,1.51824,1.51853,1.00,1.00
2017.03.08 02:35:15.942,1.51821,1.51854,1.00,1.00
2017.03.08 02:35:16.093,1.51834,1.51854,1.00,1.50
2017.03.08 02:35:16.581,1.51834,1.51851,1.00,1.00
2017.03.08 02:35:16.632,1.51824,1.51847,1.00,1.00
2017.03.08 02:35:17.184,1.51824,1.51848,1.00,1.00
2017.03.08 02:35:17.234,1.51824,1.51846,1.00,1.00
2017.03.08 02:35:17.436,1.51824,1.51849,1.00,1.00
2017.03.08 02:35:17.538,1.51823,1.51846,1.00,1.00
2017.03.08 02:35:17.741,1.51814,1.51844,1.00,1.00
2017.03.08 02:35:17.842,1.51814,1.51846,1.00,1.00
2017.03.08 02:35:17.943,1.51814,1.51848,1.50,1.00
2017.03.08 02:35:18.195,1.51816,1.51848,1.00,1.00
2017.03.08 02:35:18.866,1.51814,1.51848,1.00,1.00
2017.03.08 02:35:22.587,1.51815,1.5185,1.00,1.50
2017.03.08 02:35:23.477,1.51814,1.51849,1.50,1.50
2017.03.08 02:35:27.633,1.51816,1.51849,1.00,1.00
2017.03.08 02:35:28.219,1.51817,1.51852,1.00,1.00
2017.03.08 02:35:30.816,1.51824,1.51852,1.00,1.00
2017.03.08 02:35:32.041,1.51824,1.51853,1.00,1.00
2017.03.08 02:35:32.344,1.51823,1.5185,1.00,1.00
2017.03.08 02:35:34.503,1.51823,1.51849,1.00,1.00
2017.03.08 02:35:35.019,1.51823,1.51851,1.00,1.00
2017.03.08 02:35:35.070,1.51823,1.51853,1.00,1.00
2017.03.08 02:35:35.221,1.51823,1.5185,1.00,1.00
2017.03.08 02:35:37.023,1.51823,1.51849,1.00,1.00
2017.03.08 02:35:38.051,1.51823,1.5185,1.00,1.00
2017.03.08 02:35:45.112,1.51823,1.51852,1.00,1.00
2017.03.08 02:35:45.615,1.51824,1.51853,1.00,1.00
2017.03.08 02:35:46.172,1.51824,1.51852,1.00,1.00
2017.03.08 02:35:47.087,1.51824,1.51855,1.00,1.00
2017.03.08 02:35:47.589,1.51824,1.51852,1.00,1.00
2017.03.08 02:35:48.240,1.51823,1.51852,1.00,1.50
2017.03.08 02:35:48.748,1.51824,1.51852,1.00,1.50
2017.03.08 02:35:49.051,1.51833,1.51853,1.00,1.50
2017.03.08 02:35:49.601,1.51833,1.51852,1.00,1.00
2017.03.08 02:35:50.182,1.51833,1.51853,1.00,1.50
2017.03.08 02:35:50.737,1.51833,1.51852,1.00,1.00
2017.03.08 02:35:51.239,1.51833,1.51855,1.00,1.00
2017.03.08 02:35:51.861,1.51833,1.51853,1.00,1.00
2017.03.08 02:35:52.067,1.51824,1.5185,1.00,1.00
2017.03.08 02:35:52.571,1.51824,1.51849,1.00,1.50
2017.03.08 02:35:53.319,1.51824,1.5185,1.00,1.50
2017.03.08 02:35:53.922,1.51824,1.51849,1.00,1.00
2017.03.08 02:35:54.471,1.51824,1.5185,1.00,1.50
2017.03.08 02:35:55.081,1.51824,1.51849,1.00,1.00
2017.03.08 02:35:55.582,1.51824,1.5185,1.00,1.50
2017.03.08 02:35:56.101,1.51824,1.51849,1.00,1.00
2017.03.08 02:35:56.610,1.51824,1.5185,1.00,1.50
2017.03.08 02:35:57.268,1.51824,1.51849,1.00,1.00
2017.03.08 02:35:57.572,1.51824,1.51851,1.00,1.50
2017.03.08 02:35:58.375,1.51824,1.5185,1.00,1.00
2017.03.08 02:35:59.150,1.51824,1.51851,1.00,1.50
2017.03.08 02:35:59.820,1.51824,1.5185,1.00,1.00
2017.03.08 02:36:00.344,1.51824,1.51851,1.00,1.00
2017.03.08 02:36:00.969,1.51824,1.5185,1.00,1.00
2017.03.08 02:36:03.045,1.51824,1.51851,1.00,1.00
2017.03.08 02:36:04.048,1.51824,1.5185,1.00,1.00
2017.03.08 02:36:05.263,1.51824,1.51851,1.00,1.00
2017.03.08 02:36:12.391,1.51824,1.51849,1.00,1.00
2017.03.08 02:36:12.599,1.51824,1.51851,1.00,1.00
2017.03.08 02:36:13.143,1.51824,1.5185,1.00,1.50
2017.03.08 02:36:14.501,1.51824,1.51851,1.00,1.50
2017.03.08 02:36:15.362,1.51816,1.51849,1.00,1.00
2017.03.08 02:36:15.579,1.51824,1.51849,1.00,1.50
2017.03.08 02:36:17.010,1.51824,1.51848,1.00,1.00
2017.03.08 02:36:17.111,1.51824,1.5185,1.00,1.00
2017.03.08 02:36:17.162,1.51824,1.51852,1.00,1.00
2017.03.08 02:36:17.534,1.51824,1.5185,1.00,1.00
2017.03.08 02:36:17.787,1.51824,1.51854,1.00,1.00
2017.03.08 02:36:17.838,1.51834,1.5185,1.00,1.00
2017.03.08 02:36:17.939,1.51834,1.51852,1.00,1.00
2017.03.08 02:36:18.856,1.51824,1.51852,1.00,1.00
2017.03.08 02:36:18.907,1.51824,1.51849,1.00,1.00
2017.03.08 02:36:19.124,1.51824,1.51853,1.00,1.00
2017.03.08 02:36:29.925,1.51824,1.51851,1.00,1.00
2017.03.08 02:36:36.411,1.51824,1.51852,1.00,1.00
2017.03.08 02:36:37.374,1.51824,1.51854,1.00,1.00
2017.03.08 02:36:38.591,1.51824,1.51851,1.00,1.00
2017.03.08 02:36:39.865,1.51823,1.51851,1.00,1.00
2017.03.08 02:36:39.916,1.51823,1.51855,1.00,1.50
2017.03.08 02:36:40.220,1.51824,1.51853,1.00,1.00
2017.03.08 02:36:40.540,1.51823,1.51851,1.00,1.00
2017.03.08 02:36:41.071,1.51823,1.51852,1.00,1.00
2017.03.08 02:36:44.329,1.51823,1.51851,1.00,1.00
2017.03.08 02:36:44.380,1.51823,1.51853,1.00,1.00
2017.03.08 02:36:44.649,1.51823,1.5185,1.00,1.00
2017.03.08 02:36:45.340,1.51823,1.51852,1.00,1.00
2017.03.08 02:36:46.014,1.51823,1.5185,1.00,1.00
2017.03.08 02:36:47.618,1.51824,1.5185,1.00,1.00
2017.03.08 02:36:48.082,1.51824,1.51853,1.00,1.00
2017.03.08 02:36:48.233,1.51823,1.51855,1.00,1.00
2017.03.08 02:36:48.385,1.51824,1.51857,1.50,1.00
2017.03.08 02:36:48.435,1.51824,1.51855,1.00,1.00
2017.03.08 02:36:49.071,1.51824,1.51853,1.00,1.00
2017.03.08 02:36:52.540,1.51824,1.51854,1.00,1.00
2017.03.08 02:36:55.362,1.51823,1.51854,1.00,1.00
2017.03.08 02:36:55.665,1.51825,1.51857,1.00,1.50
2017.03.08 02:36:56.260,1.51825,1.51858,1.00,1.00
2017.03.08 02:36:56.880,1.51824,1.51857,1.50,1.00
2017.03.08 02:36:57.638,1.51825,1.51858,1.00,1.00
2017.03.08 02:36:58.494,1.51824,1.51855,1.00,1.00
2017.03.08 02:37:01.044,1.51824,1.51856,1.00,1.00
2017.03.08 02:37:03.168,1.51824,1.51857,1.50,1.00
2017.03.08 02:37:03.942,1.51825,1.51858,1.00,1.50
2017.03.08 02:37:04.719,1.51824,1.51857,1.00,1.00
2017.03.08 02:37:05.307,1.51824,1.51858,1.00,2.25
2017.03.08 02:37:06.521,1.51823,1.51858,1.50,1.50
2017.03.08 02:37:07.880,1.51833,1.51859,1.00,1.00
2017.03.08 02:37:08.032,1.51833,1.51861,1.00,1.00
2017.03.08 02:37:08.183,1.51834,1.51863,1.00,2.25
2017.03.08 02:37:08.941,1.51834,1.51862,1.00,1.00
2017.03.08 02:37:09.752,1.51834,1.51863,1.00,1.00
2017.03.08 02:37:09.853,1.51834,1.51861,1.00,1.00
2017.03.08 02:37:10.640,1.51834,1.51862,1.00,1.00
2017.03.08 02:37:11.702,1.51834,1.51863,1.00,1.00
2017.03.08 02:37:12.270,1.51834,1.51861,1.00,1.00
2017.03.08 02:37:13.240,1.51834,1.51862,1.00,1.00
2017.03.08 02:37:14.102,1.51834,1.51861,1.00,1.00
2017.03.08 02:37:14.610,1.51834,1.51862,1.00,1.50
2017.03.08 02:37:21.022,1.51834,1.5186,1.00,1.00
2017.03.08 02:37:21.481,1.51834,1.51862,1.00,1.50
2017.03.08 02:37:25.968,1.51833,1.51862,1.00,1.00
2017.03.08 02:37:28.892,1.51833,1.51861,1.00,1.00
2017.03.08 02:37:29.441,1.51834,1.51862,1.00,1.00
2017.03.08 02:37:29.991,1.51833,1.51862,1.00,1.00
2017.03.08 02:37:31.104,1.51833,1.51863,1.00,1.00
2017.03.08 02:37:32.595,1.51833,1.51858,1.00,1.50
2017.03.08 02:37:32.797,1.51833,1.5186,1.00,2.25
2017.03.08 02:37:33.350,1.51834,1.51861,1.00,1.00
2017.03.08 02:37:34.377,1.51834,1.5186,1.00,1.00
2017.03.08 02:37:34.899,1.51834,1.51859,1.00,1.00
2017.03.08 02:37:35.000,1.51823,1.51856,1.00,1.00
2017.03.08 02:37:35.050,1.51823,1.51854,1.00,1.00
2017.03.08 02:37:35.352,1.51834,1.51854,1.00,1.00
2017.03.08 02:37:35.922,1.51834,1.51853,1.00,1.00
2017.03.08 02:37:37.890,1.51834,1.51855,1.00,1.00
2017.03.08 02:37:40.521,1.51824,1.51855,1.00,1.00
2017.03.08 02:37:42.693,1.51824,1.51853,1.00,1.00
2017.03.08 02:37:43.981,1.51823,1.51853,1.00,1.00
2017.03.08 02:37:46.156,1.51824,1.51854,1.00,1.00
2017.03.08 02:37:46.358,1.51824,1.51856,1.00,1.00
2017.03.08 02:37:48.282,1.51824,1.51855,1.00,1.00
2017.03.08 02:37:49.106,1.51834,1.51856,1.00,1.00
2017.03.08 02:37:49.156,1.51834,1.5186,1.00,1.50
2017.03.08 02:37:49.207,1.51825,1.5186,1.00,1.50
2017.03.08 02:37:49.711,1.51825,1.51857,1.00,1.00
2017.03.08 02:37:49.862,1.51824,1.51859,1.50,1.00
2017.03.08 02:37:49.963,1.51834,1.51859,1.00,1.00
2017.03.08 02:37:50.166,1.51824,1.51859,1.00,1.00
2017.03.08 02:37:50.720,1.51824,1.51858,1.50,1.00
2017.03.08 02:37:50.971,1.51833,1.51858,1.00,1.00
2017.03.08 02:37:51.072,1.51833,1.5186,1.00,1.00
2017.03.08 02:37:51.744,1.51833,1.51859,1.00,1.00
2017.03.08 02:37:52.330,1.51826,1.51859,1.00,1.00
2017.03.08 02:37:52.845,1.51826,1.5186,1.00,1.00
2017.03.08 02:37:53.761,1.51826,1.51859,1.00,1.00
2017.03.08 02:37:54.164,1.51833,1.51859,1.00,1.00
2017.03.08 02:37:54.741,1.51833,1.5186,1.00,1.00
2017.03.08 02:37:55.633,1.51833,1.51861,1.00,1.87
2017.03.08 02:37:56.235,1.51833,1.5186,1.00,1.00
2017.03.08 02:38:00.994,1.51833,1.51858,1.00,1.00
2017.03.08 02:38:01.461,1.51834,1.51856,1.00,1.00
2017.03.08 02:38:01.814,1.51834,1.5186,1.00,1.00
2017.03.08 02:38:01.865,1.51825,1.5186,1.00,1.00
2017.03.08 02:38:01.915,1.51834,1.5186,1.00,1.00
2017.03.08 02:38:02.425,1.51834,1.51861,1.00,1.00
2017.03.08 02:38:02.562,1.51826,1.51861,1.00,1.50
2017.03.08 02:38:02.663,1.51833,1.51861,1.00,1.00
2017.03.08 02:38:03.047,1.51833,1.51857,1.00,1.00
