2011.09.14 21:00:14.358,1.66983,1.67097,0.30,0.30
2011.09.14 21:00:15.981,1.66981,1.67099,0.60,0.30
2011.09.14 21:00:16.093,1.66981,1.6712,0.30,0.30
2011.09.14 21:00:17.881,1.66982,1.67107,0.30,0.30
2011.09.14 21:00:44.026,1.67285,1.67389,0.30,0.30
2011.09.14 21:00:44.132,1.67275,1.67389,0.30,0.30
2011.09.14 21:00:44.351,1.67256,1.67388,0.30,0.30
2011.09.14 21:00:44.572,1.67236,1.67388,0.30,0.30
2011.09.14 21:00:44.903,1.67197,1.67388,0.30,0.30
2011.09.14 21:00:45.011,1.67195,1.6739,0.30,0.30
2011.09.14 21:00:46.546,1.67236,1.674,0.30,0.30
2011.09.14 21:00:52.342,1.67237,1.67387,0.30,0.30
2011.09.14 21:00:56.542,1.67217,1.67387,0.30,0.30
2011.09.14 21:00:57.315,1.67287,1.67399,0.30,0.30
2011.09.14 21:00:57.562,1.67256,1.67388,0.30,0.30
2011.09.14 21:01:00.064,1.67237,1.67387,0.30,0.30
2011.09.14 21:01:02.982,1.67237,1.67375,0.30,0.30
2011.09.14 21:01:03.743,1.67235,1.67376,0.30,0.30
2011.09.14 21:01:03.863,1.67216,1.67376,0.30,0.30
2011.09.14 21:01:04.082,1.67197,1.67375,0.30,0.30
2011.09.14 21:01:10.115,1.6721,1.67377,0.30,0.30
2011.09.14 21:01:11.982,1.67208,1.67379,0.30,0.30
2011.09.14 21:01:20.235,1.67207,1.67365,0.30,0.30
2011.09.14 21:01:20.342,1.67209,1.67363,0.30,0.30
2011.09.14 21:01:22.172,1.67209,1.67351,0.30,0.30
2011.09.14 21:01:22.282,1.6721,1.67362,0.30,0.30
2011.09.14 21:01:22.612,1.67189,1.67364,0.30,0.30
2011.09.14 21:01:24.716,1.67149,1.67352,0.30,0.30
2011.09.14 21:01:25.045,1.6721,1.67362,0.30,0.30
2011.09.14 21:01:25.533,1.6721,1.67295,0.30,0.30
2011.09.14 21:01:25.641,1.67179,1.67293,0.30,0.30
2011.09.14 21:01:28.393,1.67208,1.67293,0.30,0.30
2011.09.14 21:01:28.502,1.6721,1.67353,0.30,0.75
2011.09.14 21:01:28.612,1.6721,1.67362,0.30,0.30
2011.09.14 21:01:32.572,1.6728,1.67394,0.30,0.30
2011.09.14 21:02:38.904,1.67457,1.67601,0.75,0.30
2011.09.14 21:02:39.012,1.67455,1.67601,0.30,0.30
2011.09.14 21:02:39.121,1.67457,1.67601,0.75,0.30
2011.09.14 21:02:45.732,1.67455,1.67601,0.30,0.30
2011.09.14 21:02:45.950,1.67456,1.67619,0.30,0.30
2011.09.14 21:02:46.061,1.67456,1.67637,0.30,0.30
2011.09.14 21:02:58.602,1.67431,1.67634,0.40,0.40
2011.09.14 21:02:59.001,1.67432,1.67614,0.30,0.30
2011.09.14 21:03:02.552,1.67563,1.67675,0.30,0.30
2011.09.14 21:03:03.183,1.67563,1.67663,0.30,0.75
2011.09.14 21:03:03.532,1.67563,1.67653,0.30,0.30
2011.09.14 21:03:03.642,1.67538,1.6765,0.30,0.30
2011.09.14 21:03:03.752,1.67538,1.67641,0.30,0.30
2011.09.14 21:03:03.862,1.67527,1.67639,0.30,0.30
2011.09.14 21:03:04.452,1.67487,1.67644,0.30,0.30
2011.09.14 21:03:04.562,1.67486,1.67623,0.30,0.30
2011.09.14 21:03:07.251,1.67484,1.67623,0.30,0.30
2011.09.14 21:03:07.361,1.67431,1.67623,0.30,0.30
2011.09.14 21:03:09.011,1.67396,1.67569,0.30,0.30
2011.09.14 21:03:11.591,1.67526,1.67581,0.30,0.30
2011.09.14 21:03:11.812,1.67527,1.67641,0.30,0.30
2011.09.14 21:03:12.751,1.67527,1.67624,0.30,0.30
2011.09.14 21:03:12.862,1.6751,1.67622,0.30,0.30
2011.09.14 21:03:12.971,1.6751,1.67614,0.30,0.75
2011.09.14 21:03:13.794,1.6751,1.67604,0.30,0.75
2011.09.14 21:03:14.072,1.67468,1.67582,0.30,0.30
2011.09.14 21:03:14.292,1.67466,1.67533,0.75,0.30
2011.09.14 21:03:14.403,1.67395,1.67533,0.30,0.30
2011.09.14 21:03:16.388,1.67539,1.67634,0.30,0.75
2011.09.14 21:03:16.612,1.67519,1.67633,0.30,0.30
2011.09.14 21:03:18.072,1.67519,1.67624,0.30,0.75
2011.09.14 21:03:19.572,1.67499,1.67611,0.30,0.30
2011.09.14 21:03:20.013,1.67457,1.6756,0.75,0.30
2011.09.14 21:03:20.232,1.67448,1.6756,0.30,0.30
2011.09.14 21:03:20.453,1.67447,1.6754,0.75,0.30
2011.09.14 21:03:20.563,1.67428,1.6754,0.30,0.30
2011.09.14 21:03:20.782,1.67397,1.67533,0.75,0.30
2011.09.14 21:03:21.443,1.67397,1.67558,0.75,0.30
2011.09.14 21:03:22.122,1.67395,1.67558,0.30,0.30
2011.09.14 21:03:22.482,1.67559,1.67595,0.30,1.35
2011.09.14 21:03:23.804,1.67559,1.67663,0.30,0.75
2011.09.14 21:03:24.683,1.67559,1.67673,0.30,0.75
2011.09.14 21:03:24.902,1.67518,1.67673,0.30,0.75
2011.09.14 21:03:25.015,1.67518,1.67678,0.40,0.40
2011.09.14 21:03:28.880,1.67393,1.67578,0.40,0.40
2011.09.14 21:03:35.081,1.67558,1.67696,0.30,0.30
2011.09.14 21:03:35.411,1.67576,1.67758,0.40,0.40
2011.09.14 21:03:35.522,1.67578,1.67756,0.30,0.30
2011.09.14 21:03:37.502,1.67579,1.67714,0.30,0.75
2011.09.14 21:03:38.833,1.67579,1.67713,0.30,0.75
2011.09.14 21:03:39.811,1.676,1.67713,0.30,0.75
2011.09.14 21:03:41.892,1.676,1.67723,0.30,0.30
2011.09.14 21:03:43.319,1.67609,1.67724,0.30,0.75
2011.09.14 21:03:43.625,1.67609,1.67713,0.30,0.75
2011.09.14 21:03:47.585,1.67609,1.67703,0.30,0.75
2011.09.14 21:03:50.561,1.67609,1.67713,0.30,0.75
2011.09.14 21:03:52.375,1.67621,1.67713,0.30,0.75
2011.09.14 21:03:52.951,1.67622,1.67714,0.30,0.75
2011.09.14 21:03:53.997,1.67622,1.67703,0.30,0.75
2011.09.14 21:03:54.653,1.67605,1.67704,0.30,0.75
2011.09.14 21:03:54.763,1.67605,1.67713,0.30,0.75
2011.09.14 21:03:55.794,1.67605,1.67714,0.30,0.75
2011.09.14 21:03:56.923,1.67605,1.67704,0.30,0.75
2011.09.14 21:03:58.292,1.67605,1.67693,0.30,0.75
2011.09.14 21:03:58.512,1.67591,1.67694,0.30,0.75
2011.09.14 21:03:58.785,1.67591,1.67703,0.30,0.75
2011.09.14 21:04:00.384,1.67591,1.67693,0.30,0.75
2011.09.14 21:04:00.822,1.67561,1.67681,0.30,0.30
2011.09.14 21:04:01.152,1.6752,1.67683,0.30,0.30
2011.09.14 21:04:01.333,1.67539,1.67683,0.30,0.60
2011.09.14 21:04:01.812,1.6754,1.67666,0.30,0.30
2011.09.14 21:04:02.472,1.67567,1.67674,0.30,0.75
2011.09.14 21:04:03.793,1.67567,1.67673,0.30,0.75
2011.09.14 21:04:08.212,1.67567,1.67679,0.30,0.30
2011.09.14 21:04:08.322,1.67546,1.67649,0.75,0.30
2011.09.14 21:04:08.782,1.67556,1.6767,0.30,0.30
2011.09.14 21:04:09.382,1.67557,1.6767,0.75,0.30
2011.09.14 21:04:10.922,1.67556,1.67664,1.05,0.75
2011.09.14 21:04:11.952,1.67557,1.67653,0.75,0.75
2011.09.14 21:04:13.072,1.67547,1.67648,0.75,0.30
2011.09.14 21:04:14.085,1.67537,1.67643,0.75,0.75
2011.09.14 21:04:14.794,1.67536,1.67634,1.05,0.75
2011.09.14 21:04:17.302,1.67536,1.67644,0.30,0.75
2011.09.14 21:04:17.412,1.67526,1.67637,0.75,0.30
2011.09.14 21:04:17.522,1.67523,1.67613,0.30,0.75
2011.09.14 21:04:17.654,1.67523,1.67634,0.30,0.75
2011.09.14 21:04:17.873,1.67492,1.67606,0.30,0.30
2011.09.14 21:04:17.982,1.67476,1.6758,0.75,0.30
2011.09.14 21:04:18.241,1.67476,1.67582,0.75,0.30
2011.09.14 21:04:18.594,1.67456,1.67582,0.30,0.30
2011.09.14 21:04:19.803,1.67457,1.67582,0.75,0.30
2011.09.14 21:04:20.942,1.67467,1.67582,0.75,0.30
2011.09.14 21:04:23.632,1.67467,1.67578,0.75,0.30
2011.09.14 21:04:24.603,1.67467,1.6758,0.75,0.30
2011.09.14 21:04:24.711,1.67467,1.67596,0.75,0.30
2011.09.14 21:04:28.948,1.67467,1.67577,0.75,0.30
2011.09.14 21:04:29.272,1.6747,1.67584,0.30,0.30
2011.09.14 21:04:29.492,1.67481,1.67593,0.30,0.30
2011.09.14 21:04:30.805,1.67486,1.67593,0.75,0.30
2011.09.14 21:04:31.522,1.67521,1.67595,0.30,0.30
2011.09.14 21:04:31.631,1.67521,1.67624,0.30,0.75
2011.09.14 21:04:32.783,1.67526,1.67624,0.75,0.75
2011.09.14 21:04:34.763,1.67536,1.67624,0.75,0.75
2011.09.14 21:04:34.985,1.67537,1.67633,0.75,0.75
2011.09.14 21:04:37.043,1.67547,1.67635,0.75,0.30
2011.09.14 21:04:37.383,1.67547,1.67643,0.75,0.75
2011.09.14 21:04:38.787,1.67557,1.67653,0.75,1.05
2011.09.14 21:04:40.393,1.67557,1.67639,0.75,0.30
2011.09.14 21:04:40.502,1.67537,1.67639,0.75,0.30
2011.09.14 21:04:40.723,1.67527,1.67639,0.30,0.30
2011.09.14 21:04:41.163,1.67497,1.67609,1.05,0.30
2011.09.14 21:04:43.853,1.67513,1.67612,0.30,0.30
2011.09.14 21:04:43.963,1.67513,1.67625,0.30,0.30
2011.09.14 21:04:45.513,1.67503,1.67572,1.35,0.30
2011.09.14 21:04:45.825,1.67517,1.67572,0.75,0.30
2011.09.14 21:04:46.262,1.67517,1.67575,0.75,0.30
2011.09.14 21:04:46.372,1.67517,1.67617,0.75,0.30
2011.09.14 21:04:48.183,1.67517,1.67555,0.75,0.30
2011.09.14 21:04:48.292,1.67492,1.67555,1.35,0.30
2011.09.14 21:04:48.401,1.67467,1.67555,0.75,0.30
2011.09.14 21:04:49.853,1.67467,1.67539,0.75,0.30
2011.09.14 21:04:49.962,1.67457,1.67539,0.75,0.30
2011.09.14 21:04:50.822,1.67508,1.6757,0.30,0.30
2011.09.14 21:04:50.932,1.67537,1.67584,0.30,0.75
2011.09.14 21:04:51.782,1.67537,1.67583,0.30,1.35
2011.09.14 21:04:51.892,1.67477,1.67583,1.05,1.35
2011.09.14 21:04:52.003,1.67477,1.67569,0.75,0.30
2011.09.14 21:04:52.663,1.67466,1.67569,0.75,0.30
2011.09.14 21:04:52.773,1.67487,1.67569,0.75,0.30
2011.09.14 21:04:53.542,1.67509,1.67593,0.30,0.75
2011.09.14 21:04:53.762,1.6753,1.67593,0.30,0.75
2011.09.14 21:04:53.872,1.6753,1.67661,0.30,0.30
2011.09.14 21:04:53.982,1.6756,1.67672,0.30,0.30
2011.09.14 21:04:54.312,1.67573,1.67687,0.30,0.30
2011.09.14 21:04:54.422,1.67582,1.67687,0.30,0.30
2011.09.14 21:04:54.532,1.67584,1.67693,0.30,0.75
2011.09.14 21:04:55.405,1.67584,1.67694,0.30,0.75
2011.09.14 21:04:57.162,1.67584,1.67683,0.30,0.75
2011.09.14 21:04:57.671,1.67586,1.67694,0.75,0.75
2011.09.14 21:04:57.892,1.67586,1.67663,0.75,0.30
2011.09.14 21:04:58.002,1.67576,1.67663,0.75,0.30
2011.09.14 21:04:58.232,1.67586,1.67679,0.75,0.30
2011.09.14 21:04:58.342,1.6765,1.67764,0.30,0.30
2011.09.14 21:04:58.564,1.6765,1.67689,0.30,0.30
2011.09.14 21:04:58.672,1.67586,1.67687,0.75,0.30
2011.09.14 21:04:58.783,1.67647,1.67687,0.30,0.30
2011.09.14 21:04:58.891,1.6765,1.67762,0.30,0.30
2011.09.14 21:05:02.674,1.67677,1.67709,0.30,0.30
2011.09.14 21:05:02.893,1.67621,1.67696,0.38,0.30
2011.09.14 21:05:03.224,1.67581,1.67678,0.30,0.68
2011.09.14 21:05:03.333,1.67576,1.67663,0.75,0.30
2011.09.14 21:05:03.793,1.67566,1.67663,0.75,0.30
2011.09.14 21:05:03.904,1.676,1.67772,0.30,0.30
2011.09.14 21:05:04.123,1.6761,1.67772,0.30,0.30
2011.09.14 21:05:04.913,1.67663,1.67772,0.38,0.30
2011.09.14 21:05:05.134,1.67671,1.67783,0.30,0.75
2011.09.14 21:05:07.513,1.67658,1.67772,0.30,0.30
2011.09.14 21:05:07.734,1.67647,1.67769,0.30,0.30
2011.09.14 21:05:08.173,1.67632,1.67772,0.30,0.30
2011.09.14 21:05:08.282,1.67609,1.67774,0.30,0.30
2011.09.14 21:05:08.393,1.6759,1.67773,0.30,0.30
2011.09.14 21:05:08.613,1.67599,1.67774,0.30,0.30
2011.09.14 21:05:14.207,1.67628,1.67776,0.30,0.60
2011.09.14 21:05:23.522,1.67626,1.67778,0.30,0.30
2011.09.14 21:05:23.743,1.67626,1.67778,0.30,0.30
2011.09.14 21:05:30.553,1.67754,1.67937,0.30,0.30
2011.09.14 21:05:30.883,1.67693,1.67896,0.30,0.30
2011.09.14 21:05:31.273,1.67693,1.67834,0.30,0.30
2011.09.14 21:05:31.791,1.67686,1.678,0.30,0.30
2011.09.14 21:05:35.935,1.67687,1.678,0.75,0.30
2011.09.14 21:05:36.842,1.67686,1.678,0.30,0.30
2011.09.14 21:05:37.993,1.67686,1.67794,0.30,0.75
2011.09.14 21:05:38.586,1.67686,1.67793,0.30,0.75
2011.09.14 21:05:38.913,1.67671,1.67783,0.30,0.30
2011.09.14 21:05:41.504,1.67696,1.67808,0.30,0.30
2011.09.14 21:05:59.494,1.67677,1.67777,0.75,0.38
2011.09.14 21:05:59.824,1.67671,1.67777,0.30,0.38
2011.09.14 21:06:00.105,1.67671,1.67785,0.30,0.30
2011.09.14 21:06:00.214,1.67699,1.67807,0.30,1.35
2011.09.14 21:06:00.434,1.67699,1.67813,0.30,0.30
2011.09.14 21:06:17.583,1.67711,1.67824,0.30,0.75
2011.09.14 21:06:17.915,1.67711,1.67803,0.30,0.75
2011.09.14 21:06:19.504,1.67696,1.67803,0.30,0.75
2011.09.14 21:06:19.855,1.67696,1.67789,0.30,0.38
2011.09.14 21:06:19.964,1.67676,1.67788,0.30,0.30
2011.09.14 21:06:21.819,1.67676,1.67773,0.30,0.75
2011.09.14 21:06:22.843,1.67676,1.67763,0.30,0.75
2011.09.14 21:06:26.303,1.67695,1.67763,0.30,0.75
2011.09.14 21:06:26.414,1.67671,1.67783,0.30,0.30
2011.09.14 21:06:27.053,1.67677,1.67783,0.38,0.30
2011.09.14 21:06:28.154,1.67699,1.67783,0.30,0.30
2011.09.14 21:06:28.978,1.677,1.67784,0.30,0.75
2011.09.14 21:06:30.556,1.67693,1.67784,0.38,0.75
2011.09.14 21:06:30.676,1.677,1.67784,0.30,0.75
2011.09.14 21:06:31.815,1.677,1.67794,0.30,0.75
2011.09.14 21:06:32.503,1.677,1.67793,0.30,0.75
2011.09.14 21:06:33.613,1.677,1.67772,0.30,0.38
2011.09.14 21:06:33.833,1.67691,1.67772,0.38,0.38
2011.09.14 21:06:34.254,1.67683,1.67794,0.30,0.75
2011.09.14 21:06:35.108,1.67683,1.67795,0.30,0.30
2011.09.14 21:06:42.386,1.67686,1.67795,0.75,0.30
2011.09.14 21:06:42.884,1.67696,1.67795,0.75,0.30
2011.09.14 21:06:43.806,1.67687,1.67795,0.75,0.30
2011.09.14 21:06:45.345,1.67695,1.67809,0.30,0.30
2011.09.14 21:06:46.347,1.67721,1.67819,0.38,0.30
2011.09.14 21:06:46.455,1.67721,1.67832,0.38,0.30
2011.09.14 21:06:46.566,1.67731,1.67845,0.30,0.30
2011.09.14 21:06:48.536,1.67736,1.67845,0.75,0.30
2011.09.14 21:06:49.419,1.67747,1.67845,0.75,0.30
2011.09.14 21:06:50.139,1.67746,1.67845,0.75,0.30
2011.09.14 21:06:50.915,1.67748,1.67846,0.30,0.30
2011.09.14 21:06:51.025,1.67748,1.67854,0.30,0.75
2011.09.14 21:06:53.216,1.67748,1.6786,0.30,0.30
2011.09.14 21:06:57.167,1.67766,1.6786,0.38,0.30
2011.09.14 21:06:58.936,1.67767,1.6786,0.75,0.30
2011.09.14 21:06:59.827,1.67777,1.6786,0.75,0.30
2011.09.14 21:07:05.425,1.67766,1.67854,1.13,0.75
2011.09.14 21:07:15.036,1.67776,1.6786,0.75,0.30
2011.09.14 21:07:19.854,1.67766,1.67854,0.75,0.75
2011.09.14 21:07:27.643,1.67766,1.67845,0.75,0.38
2011.09.14 21:07:27.779,1.67757,1.67845,0.75,0.38
2011.09.14 21:07:27.887,1.67757,1.67841,0.75,0.30
2011.09.14 21:07:28.267,1.67777,1.67841,0.38,0.30
2011.09.14 21:07:28.376,1.67777,1.67843,0.38,0.75
2011.09.14 21:07:28.486,1.67787,1.67863,0.38,0.30
2011.09.14 21:07:29.257,1.67787,1.67844,0.38,0.75
2011.09.14 21:07:29.598,1.67774,1.67844,0.38,0.75
2011.09.14 21:07:29.707,1.67774,1.67853,0.38,0.75
2011.09.14 21:07:30.906,1.67774,1.67844,0.38,0.75
2011.09.14 21:07:36.059,1.67779,1.67844,0.38,0.75
2011.09.14 21:07:36.276,1.67779,1.67854,0.38,0.75
2011.09.14 21:07:42.486,1.67776,1.67854,0.38,0.75
2011.09.14 21:07:42.816,1.67776,1.67844,0.38,0.75
2011.09.14 21:07:46.869,1.67749,1.67853,0.30,0.75
2011.09.14 21:07:47.788,1.67749,1.67844,0.30,0.75
2011.09.14 21:07:51.646,1.67749,1.67853,0.30,0.75
2011.09.14 21:07:51.756,1.67749,1.67832,0.30,0.38
2011.09.14 21:07:51.976,1.67737,1.67828,0.75,0.30
2011.09.14 21:07:53.067,1.67746,1.67828,0.75,0.30
2011.09.14 21:07:53.949,1.67736,1.67824,1.13,0.75
2011.09.14 21:07:54.168,1.67736,1.67817,0.75,0.30
2011.09.14 21:07:54.276,1.67719,1.67803,0.38,0.75
2011.09.14 21:07:54.386,1.67727,1.67803,0.75,0.75
2011.09.14 21:07:54.573,1.67719,1.67803,0.38,0.75
2011.09.14 21:07:54.686,1.67709,1.67817,0.38,0.30
2011.09.14 21:07:54.796,1.67728,1.67823,0.30,0.75
2011.09.14 21:07:55.216,1.67728,1.6784,0.30,0.30
2011.09.14 21:07:55.926,1.67736,1.6784,0.75,0.30
2011.09.14 21:07:56.485,1.67736,1.67829,0.75,0.30
2011.09.14 21:07:56.867,1.67746,1.67829,0.75,0.30
2011.09.14 21:07:58.200,1.67727,1.67829,0.75,0.30
2011.09.14 21:07:59.826,1.67746,1.67829,0.75,0.30
2011.09.14 21:07:59.935,1.67737,1.67829,0.75,0.30
2011.09.14 21:08:00.154,1.67722,1.67829,0.38,0.30
2011.09.14 21:08:00.263,1.67737,1.67829,0.75,0.30
2011.09.14 21:08:00.397,1.67727,1.67829,0.75,0.30
2011.09.14 21:08:00.509,1.67722,1.67829,0.38,0.30
2011.09.14 21:08:00.724,1.67718,1.67829,0.38,0.30
2011.09.14 21:08:00.834,1.67736,1.67829,0.75,0.30
2011.09.14 21:08:01.724,1.67736,1.67828,0.75,0.38
2011.09.14 21:08:01.834,1.67717,1.67828,0.68,0.38
2011.09.14 21:08:02.054,1.67727,1.67828,0.75,0.38
2011.09.14 21:08:02.428,1.67747,1.67828,0.75,0.38
2011.09.14 21:08:02.687,1.67727,1.67829,0.75,0.30
2011.09.14 21:08:02.800,1.67727,1.67818,0.75,0.30
2011.09.14 21:08:03.024,1.67717,1.67818,0.75,0.30
2011.09.14 21:08:03.577,1.67726,1.67818,0.75,0.30
2011.09.14 21:08:04.004,1.67723,1.67818,0.38,0.30
2011.09.14 21:08:04.565,1.67726,1.67818,0.75,0.30
2011.09.14 21:08:05.771,1.67727,1.67818,0.75,0.30
2011.09.14 21:08:06.395,1.67727,1.67762,0.75,0.38
2011.09.14 21:08:06.505,1.67718,1.67762,0.75,0.38
2011.09.14 21:08:06.614,1.67686,1.67762,0.75,0.38
2011.09.14 21:08:06.974,1.67677,1.6775,0.75,0.38
2011.09.14 21:08:07.526,1.67682,1.67756,0.38,0.75
2011.09.14 21:08:07.635,1.67682,1.67778,0.38,0.30
2011.09.14 21:08:07.744,1.67683,1.67797,0.30,0.30
2011.09.14 21:08:08.075,1.67694,1.67808,0.30,0.30
2011.09.14 21:08:08.417,1.67683,1.67797,0.68,0.30
2011.09.14 21:08:08.946,1.67742,1.67797,0.38,0.30
2011.09.14 21:08:09.066,1.67742,1.67799,0.38,0.30
2011.09.14 21:08:09.176,1.67745,1.67814,0.38,0.75
2011.09.14 21:08:09.656,1.67745,1.67824,0.38,0.75
2011.09.14 21:08:10.405,1.67739,1.67824,0.75,0.75
2011.09.14 21:08:10.516,1.67725,1.67824,0.30,0.30
2011.09.14 21:08:10.627,1.67725,1.67809,0.30,0.30
2011.09.14 21:08:10.843,1.67678,1.67775,0.75,0.30
2011.09.14 21:08:11.083,1.67678,1.67766,0.75,0.30
2011.09.14 21:08:12.403,1.67678,1.67732,0.75,0.30
2011.09.14 21:08:12.962,1.67678,1.677,0.75,0.30
2011.09.14 21:08:14.334,1.67678,1.6771,0.75,0.30
2011.09.14 21:08:14.554,1.677,1.67783,0.38,0.38
2011.09.14 21:08:16.227,1.67687,1.67758,0.75,0.30
2011.09.14 21:08:16.675,1.67687,1.67756,0.75,0.30
2011.09.14 21:08:17.045,1.67687,1.6776,0.75,0.38
2011.09.14 21:08:17.155,1.67678,1.67781,0.75,0.30
2011.09.14 21:08:17.263,1.67683,1.67781,0.38,0.30
2011.09.14 21:08:17.484,1.67678,1.67752,0.75,0.38
2011.09.14 21:08:17.814,1.67678,1.67731,0.75,0.38
2011.09.14 21:08:18.856,1.67678,1.67732,0.75,0.38
2011.09.14 21:08:19.558,1.67678,1.67739,0.75,0.30
2011.09.14 21:08:19.884,1.67678,1.67775,0.75,0.30
2011.09.14 21:08:20.441,1.67675,1.67775,0.38,0.30
2011.09.14 21:08:21.425,1.67687,1.67775,0.75,0.30
2011.09.14 21:08:21.534,1.67687,1.6779,0.75,0.30
2011.09.14 21:08:21.755,1.67677,1.67752,0.75,0.38
2011.09.14 21:08:22.816,1.67686,1.67752,0.75,0.38
2011.09.14 21:08:24.606,1.67686,1.67756,0.75,0.75
2011.09.14 21:08:24.714,1.67676,1.67759,0.75,0.30
2011.09.14 21:08:24.826,1.67676,1.67787,0.75,0.30
2011.09.14 21:08:25.460,1.67675,1.67784,0.38,0.75
2011.09.14 21:08:25.581,1.67676,1.67787,0.75,0.30
2011.09.14 21:08:25.789,1.67687,1.67787,0.75,0.30
2011.09.14 21:08:27.725,1.67676,1.67784,0.75,0.75
2011.09.14 21:08:29.255,1.67695,1.67784,0.38,0.75
2011.09.14 21:08:29.475,1.67696,1.67787,0.38,0.30
2011.09.14 21:08:29.584,1.67696,1.67789,0.38,0.30
2011.09.14 21:08:29.695,1.67696,1.67803,0.38,0.30
2011.09.14 21:08:31.176,1.67706,1.67803,0.75,0.30
2011.09.14 21:08:32.306,1.67697,1.67803,0.38,0.30
2011.09.14 21:08:33.776,1.67698,1.67803,0.38,0.30
2011.09.14 21:08:33.884,1.67707,1.67803,0.75,0.30
2011.09.14 21:08:34.104,1.67698,1.67803,0.38,1.05
2011.09.14 21:08:35.939,1.67706,1.67803,0.75,0.30
2011.09.14 21:08:36.736,1.67698,1.67793,0.38,0.75
2011.09.14 21:08:38.125,1.67698,1.67775,0.38,0.30
2011.09.14 21:08:38.236,1.67688,1.67771,0.38,0.38
2011.09.14 21:08:38.956,1.67688,1.67769,0.38,0.38
2011.09.14 21:08:39.349,1.67696,1.67769,0.75,0.38
2011.09.14 21:08:40.776,1.67688,1.67769,0.38,0.38
2011.09.14 21:08:40.885,1.6769,1.67774,0.38,1.13
2011.09.14 21:08:41.216,1.67741,1.67777,0.38,0.75
2011.09.14 21:08:41.435,1.67741,1.67814,0.38,0.75
2011.09.14 21:08:41.543,1.67746,1.67827,0.38,0.75
2011.09.14 21:08:41.653,1.67771,1.67885,0.30,0.30
2011.09.14 21:08:41.875,1.67784,1.67898,0.30,0.30
2011.09.14 21:08:42.327,1.67783,1.67881,0.30,0.30
2011.09.14 21:08:42.434,1.67769,1.67881,0.30,0.30
2011.09.14 21:08:46.283,1.67769,1.67849,0.30,0.38
2011.09.14 21:08:46.394,1.67756,1.67849,0.38,0.38
2011.09.14 21:08:46.504,1.67747,1.67849,0.75,0.38
2011.09.14 21:08:46.614,1.67736,1.6783,0.75,0.30
2011.09.14 21:08:46.838,1.67717,1.67828,0.38,1.73
2011.09.14 21:08:48.146,1.67717,1.67823,0.38,0.75
2011.09.14 21:08:48.666,1.67772,1.67828,0.38,1.35
2011.09.14 21:08:48.994,1.67781,1.6783,0.38,0.30
2011.09.14 21:08:49.104,1.67793,1.67864,0.38,0.75
2011.09.14 21:08:49.914,1.67802,1.67876,1.35,0.68
2011.09.14 21:08:50.286,1.67806,1.67881,0.38,0.75
2011.09.14 21:08:50.395,1.67806,1.67909,0.38,0.30
2011.09.14 21:08:52.797,1.67807,1.67909,0.38,0.30
2011.09.14 21:08:53.125,1.67806,1.67899,1.13,0.30
2011.09.14 21:08:55.089,1.67827,1.67899,0.75,0.30
2011.09.14 21:08:58.267,1.67816,1.67899,0.75,0.30
2011.09.14 21:09:00.686,1.67798,1.67894,0.38,0.75
2011.09.14 21:09:00.906,1.67763,1.67877,0.30,0.30
2011.09.14 21:09:01.124,1.67763,1.67858,0.30,0.30
2011.09.14 21:09:01.235,1.67744,1.67856,0.30,0.30
2011.09.14 21:09:03.025,1.67744,1.67854,0.30,0.75
2011.09.14 21:09:04.236,1.67746,1.67856,0.75,0.30
2011.09.14 21:09:09.998,1.67744,1.67856,0.30,0.30
2011.09.14 21:09:10.219,1.67747,1.67856,0.75,0.30
2011.09.14 21:09:13.934,1.67747,1.6782,0.75,0.38
2011.09.14 21:09:16.755,1.67747,1.67821,0.75,0.30
2011.09.14 21:09:17.976,1.67737,1.67821,0.75,0.30
2011.09.14 21:09:18.195,1.67737,1.6784,0.75,0.30
2011.09.14 21:09:19.827,1.67746,1.6784,0.75,0.30
2011.09.14 21:09:21.505,1.67737,1.6784,0.75,0.30
2011.09.14 21:09:21.745,1.67728,1.67828,0.75,0.30
2011.09.14 21:09:22.074,1.67727,1.67816,0.75,0.30
2011.09.14 21:09:22.376,1.67727,1.67813,0.75,0.30
2011.09.14 21:09:23.875,1.67726,1.67813,0.75,0.30
2011.09.14 21:09:25.435,1.67727,1.67813,0.75,0.30
2011.09.14 21:09:25.766,1.67733,1.67816,0.38,0.30
2011.09.14 21:09:25.876,1.67733,1.6784,0.38,0.30
2011.09.14 21:09:26.836,1.67736,1.6784,0.75,0.30
2011.09.14 21:09:27.916,1.67733,1.6784,0.38,0.30
2011.09.14 21:09:28.024,1.67728,1.6784,0.75,0.30
2011.09.14 21:09:28.245,1.67727,1.67824,0.75,0.30
2011.09.14 21:09:30.826,1.67726,1.67824,0.75,0.30
2011.09.14 21:09:37.594,1.67726,1.67803,0.75,0.30
2011.09.14 21:09:38.034,1.67717,1.67803,0.75,0.30
2011.09.14 21:09:39.234,1.67717,1.6782,0.75,0.30
2011.09.14 21:09:39.805,1.67726,1.6782,0.75,0.30
2011.09.14 21:09:43.930,1.67717,1.6782,0.75,0.30
2011.09.14 21:09:44.428,1.67714,1.67813,0.38,0.75
2011.09.14 21:09:46.877,1.67716,1.6782,0.75,0.30
2011.09.14 21:09:47.276,1.67709,1.6782,0.75,0.30
2011.09.14 21:09:48.000,1.67708,1.6782,0.30,0.30
2011.09.14 21:09:48.662,1.67708,1.67812,0.30,0.30
2011.09.14 21:09:48.776,1.67697,1.67811,1.05,0.30
2011.09.14 21:09:52.466,1.67755,1.67811,0.38,0.30
2011.09.14 21:09:52.579,1.67755,1.67823,0.38,0.75
2011.09.14 21:09:53.159,1.67755,1.67824,0.38,0.75
2011.09.14 21:09:53.689,1.67755,1.67823,0.38,0.75
2011.09.14 21:09:53.937,1.67755,1.67813,0.38,0.75
2011.09.14 21:09:54.772,1.67755,1.67823,0.38,0.75
2011.09.14 21:09:56.469,1.67751,1.67823,0.38,0.75
2011.09.14 21:09:56.576,1.67751,1.67814,0.38,0.75
2011.09.14 21:09:57.125,1.67751,1.67804,0.38,0.75
2011.09.14 21:09:59.057,1.67748,1.67804,0.38,0.75
2011.09.14 21:10:02.158,1.67748,1.67814,0.38,0.75
2011.09.14 21:10:08.519,1.67748,1.67823,0.38,0.75
2011.09.14 21:10:09.347,1.67754,1.67823,0.38,0.75
2011.09.14 21:10:09.676,1.67754,1.67814,0.38,0.75
2011.09.14 21:10:09.786,1.67754,1.67824,0.38,0.75
2011.09.14 21:10:12.038,1.67754,1.67834,0.38,0.75
2011.09.14 21:10:12.689,1.67753,1.67833,0.38,0.75
2011.09.14 21:10:13.858,1.67753,1.67834,0.38,0.75
2011.09.14 21:10:15.659,1.67751,1.67823,0.38,0.75
2011.09.14 21:10:16.417,1.67744,1.67823,0.75,0.75
2011.09.14 21:10:16.528,1.67716,1.67811,0.30,0.30
2011.09.14 21:10:16.636,1.67696,1.67809,0.30,0.30
2011.09.14 21:10:16.856,1.67685,1.67797,0.30,0.30
2011.09.14 21:10:19.137,1.67686,1.67797,0.75,0.30
2011.09.14 21:10:19.622,1.67685,1.67797,0.30,0.30
2011.09.14 21:10:20.062,1.67707,1.67797,0.75,0.30
2011.09.14 21:10:20.407,1.67717,1.67797,0.75,0.30
2011.09.14 21:10:20.627,1.67717,1.67814,0.75,0.30
2011.09.14 21:10:20.888,1.677,1.67814,0.30,0.30
2011.09.14 21:10:21.947,1.67707,1.67814,0.75,0.30
2011.09.14 21:10:22.277,1.67697,1.67789,0.75,0.30
2011.09.14 21:10:23.857,1.67707,1.67789,0.75,0.30
2011.09.14 21:10:24.188,1.67696,1.67789,0.75,0.30
2011.09.14 21:10:25.898,1.67697,1.67789,0.75,0.30
2011.09.14 21:10:30.759,1.67697,1.67776,0.75,0.30
2011.09.14 21:10:30.977,1.67697,1.67788,0.75,0.30
2011.09.14 21:10:31.318,1.67686,1.67788,0.75,0.30
2011.09.14 21:10:32.326,1.67697,1.67788,0.75,0.30
2011.09.14 21:10:38.996,1.67687,1.67788,0.75,0.30
2011.09.14 21:10:40.377,1.67696,1.67788,0.75,0.30
2011.09.14 21:10:40.676,1.67687,1.67788,0.75,0.30
2011.09.14 21:10:40.818,1.67696,1.67788,0.75,0.30
2011.09.14 21:10:52.414,1.67686,1.67788,0.75,0.30
2011.09.14 21:10:52.745,1.67734,1.67805,0.38,1.35
2011.09.14 21:10:52.854,1.67734,1.67814,0.38,0.75
2011.09.14 21:10:52.965,1.67737,1.67822,0.38,0.75
2011.09.14 21:10:53.074,1.67737,1.67841,0.38,0.30
2011.09.14 21:10:53.186,1.67775,1.67842,0.38,0.30
2011.09.14 21:10:53.296,1.67775,1.67856,0.38,0.38
2011.09.14 21:10:54.811,1.67787,1.67856,0.75,0.38
2011.09.14 21:10:55.528,1.67786,1.67856,0.75,0.38
2011.09.14 21:10:56.567,1.67797,1.67856,0.75,0.38
2011.09.14 21:11:00.775,1.67786,1.67856,0.75,0.38
2011.09.14 21:11:01.626,1.67796,1.67856,0.75,0.38
2011.09.14 21:11:02.338,1.67796,1.67861,0.75,0.75
2011.09.14 21:11:03.300,1.67796,1.67862,0.75,0.38
2011.09.14 21:11:04.355,1.67851,1.67863,0.38,0.30
2011.09.14 21:11:04.467,1.67851,1.67866,0.38,0.75
2011.09.14 21:11:04.686,1.67864,1.67933,0.38,0.75
2011.09.14 21:11:04.796,1.67864,1.67953,0.38,0.75
2011.09.14 21:11:04.905,1.67864,1.67956,0.38,0.30
2011.09.14 21:11:05.015,1.67862,1.67943,0.38,0.38
2011.09.14 21:11:05.234,1.67853,1.67947,0.75,0.75
2011.09.14 21:11:05.344,1.67826,1.67931,0.75,0.30
2011.09.14 21:11:05.454,1.67837,1.67914,0.75,0.30
2011.09.14 21:11:05.566,1.67837,1.67945,0.75,0.30
2011.09.14 21:11:05.816,1.6785,1.67934,0.38,0.38
2011.09.14 21:11:06.177,1.67857,1.67922,0.75,0.38
2011.09.14 21:11:07.905,1.67867,1.67922,0.75,0.38
2011.09.14 21:11:08.776,1.67876,1.67922,0.75,0.38
2011.09.14 21:11:09.795,1.67876,1.67921,0.75,0.38
2011.09.14 21:11:09.905,1.67867,1.67921,0.75,0.38
2011.09.14 21:11:11.515,1.67867,1.67918,0.75,0.38
2011.09.14 21:11:11.735,1.67867,1.67921,0.75,0.75
2011.09.14 21:11:11.954,1.67867,1.67927,0.75,0.30
2011.09.14 21:11:12.080,1.67867,1.67906,0.75,0.30
2011.09.14 21:11:12.196,1.67834,1.67904,0.75,0.30
2011.09.14 21:11:12.525,1.67827,1.67904,0.75,0.30
2011.09.14 21:11:15.847,1.67838,1.67904,0.38,0.30
2011.09.14 21:11:16.064,1.67838,1.67934,0.38,0.30
2011.09.14 21:11:17.629,1.67856,1.67934,0.75,0.30
2011.09.14 21:11:18.435,1.67857,1.67936,0.38,0.30
2011.09.14 21:11:18.546,1.67857,1.67938,0.38,0.38
2011.09.14 21:11:18.906,1.67859,1.67946,0.38,0.30
2011.09.14 21:11:20.505,1.67856,1.67946,1.13,0.30
2011.09.14 21:11:21.889,1.67867,1.67946,0.75,0.30
2011.09.14 21:11:22.285,1.67886,1.67946,0.75,0.30
2011.09.14 21:11:22.398,1.67876,1.67946,0.75,0.30
2011.09.14 21:11:22.658,1.67886,1.67946,0.75,0.30
2011.09.14 21:11:23.047,1.67912,1.67946,0.38,0.30
2011.09.14 21:11:23.156,1.67912,1.67994,0.38,0.38
2011.09.14 21:11:23.853,1.67912,1.67993,0.38,0.75
2011.09.14 21:11:24.759,1.67912,1.67994,0.38,0.38
2011.09.14 21:11:25.125,1.67917,1.67994,0.75,0.38
2011.09.14 21:11:25.455,1.67921,1.67996,0.38,0.30
2011.09.14 21:11:26.231,1.67926,1.67996,0.75,0.30
2011.09.14 21:11:26.641,1.67938,1.67996,0.38,0.30
2011.09.14 21:11:26.863,1.68073,1.68244,0.30,0.30
2011.09.14 21:11:26.976,1.6802,1.68125,0.60,0.30
2011.09.14 21:11:28.035,1.68045,1.68145,0.60,0.30
2011.09.14 21:11:28.145,1.68047,1.68159,0.30,0.30
2011.09.14 21:11:28.695,1.68045,1.6815,0.60,0.30
2011.09.14 21:11:28.934,1.68036,1.6815,0.30,0.30
2011.09.14 21:11:30.308,1.68036,1.68093,0.30,0.38
2011.09.14 21:11:30.566,1.68017,1.68093,0.75,0.38
2011.09.14 21:11:30.786,1.68017,1.68084,0.75,0.38
2011.09.14 21:11:31.115,1.68017,1.68067,0.75,0.30
2011.09.14 21:11:31.407,1.67986,1.68067,0.75,0.30
2011.09.14 21:11:33.467,1.67969,1.68001,0.75,0.38
2011.09.14 21:11:33.576,1.67957,1.68001,0.75,0.38
2011.09.14 21:11:34.818,1.67956,1.68001,0.75,0.38
2011.09.14 21:11:35.638,1.67919,1.68001,0.38,0.38
2011.09.14 21:11:35.744,1.67913,1.67986,0.75,0.38
2011.09.14 21:11:36.074,1.67896,1.67953,0.75,0.30
2011.09.14 21:11:36.888,1.67877,1.67953,0.75,0.30
2011.09.14 21:11:37.966,1.67908,1.67953,0.38,0.30
2011.09.14 21:11:38.075,1.67908,1.67991,0.38,0.38
2011.09.14 21:11:39.336,1.67927,1.67991,0.75,0.38
2011.09.14 21:11:40.824,1.67937,1.67991,0.75,0.38
2011.09.14 21:11:41.235,1.67937,1.67945,0.75,1.73
2011.09.14 21:11:41.455,1.67877,1.67933,0.75,0.30
2011.09.14 21:11:42.844,1.67886,1.67933,0.75,0.30
2011.09.14 21:11:43.784,1.67896,1.67933,0.75,0.30
2011.09.14 21:11:43.895,1.67887,1.67933,0.75,0.30
2011.09.14 21:11:50.151,1.67887,1.67935,0.75,0.30
2011.09.14 21:11:50.264,1.67887,1.67951,0.75,0.75
2011.09.14 21:11:50.374,1.67887,1.67953,0.75,0.30
2011.09.14 21:11:50.705,1.67907,1.67953,0.75,0.30
2011.09.14 21:11:50.815,1.67908,1.67972,0.38,0.75
2011.09.14 21:11:50.924,1.67908,1.6799,0.38,0.38
2011.09.14 21:11:51.132,1.67908,1.67941,0.38,0.30
2011.09.14 21:11:51.596,1.67836,1.67941,1.13,0.30
2011.09.14 21:11:52.207,1.67847,1.67941,0.75,0.30
2011.09.14 21:11:52.934,1.67857,1.67941,0.75,0.30
2011.09.14 21:11:53.789,1.67867,1.67941,0.75,0.30
2011.09.14 21:11:54.954,1.67866,1.67943,0.75,0.30
2011.09.14 21:11:55.064,1.67866,1.67956,0.75,1.35
2011.09.14 21:11:55.174,1.67866,1.67961,0.75,0.38
2011.09.14 21:11:57.206,1.67877,1.67961,0.75,0.38
2011.09.14 21:11:58.198,1.67877,1.6796,0.75,0.38
2011.09.14 21:11:58.524,1.67886,1.6796,0.75,0.38
2011.09.14 21:11:58.898,1.67864,1.67903,0.75,0.38
2011.09.14 21:11:59.007,1.67837,1.67891,0.75,0.38
2011.09.14 21:11:59.834,1.67826,1.67892,0.75,0.30
2011.09.14 21:11:59.948,1.67872,1.67946,0.30,0.30
2011.09.14 21:12:00.055,1.67901,1.67984,0.38,1.13
2011.09.14 21:12:00.164,1.67901,1.67953,0.38,0.30
2011.09.14 21:12:00.275,1.67847,1.67953,0.75,0.30
2011.09.14 21:12:00.496,1.67902,1.67954,0.38,0.30
2011.09.14 21:12:00.606,1.67902,1.67983,0.38,0.38
2011.09.14 21:12:01.762,1.67925,1.67986,0.38,0.30
2011.09.14 21:12:01.876,1.67925,1.67997,0.38,1.35
2011.09.14 21:12:01.984,1.67918,1.68014,0.75,0.30
2011.09.14 21:12:02.095,1.67876,1.67983,0.75,0.30
2011.09.14 21:12:03.764,1.67866,1.67968,0.75,0.30
2011.09.14 21:12:05.744,1.67865,1.67968,0.38,0.30
2011.09.14 21:12:05.855,1.67872,1.67986,0.30,0.30
2011.09.14 21:12:07.155,1.67866,1.67972,0.75,0.30
2011.09.14 21:12:07.265,1.67861,1.67972,1.35,0.30
2011.09.14 21:12:07.375,1.67858,1.67969,0.75,0.30
2011.09.14 21:12:07.485,1.67861,1.67975,0.30,0.30
2011.09.14 21:12:07.706,1.67925,1.67975,0.38,0.30
2011.09.14 21:12:07.814,1.67925,1.68013,0.38,0.75
2011.09.14 21:12:09.017,1.67925,1.67993,0.38,0.75
2011.09.14 21:12:09.600,1.67924,1.68003,0.38,0.75
2011.09.14 21:12:10.269,1.67924,1.68004,0.38,0.75
2011.09.14 21:12:11.062,1.67922,1.68004,0.38,0.75
2011.09.14 21:12:11.176,1.6792,1.68001,0.38,0.38
2011.09.14 21:12:13.041,1.67939,1.68003,0.38,0.75
2011.09.14 21:12:13.178,1.67939,1.68011,0.38,0.75
2011.09.14 21:12:13.397,1.67938,1.68003,0.75,0.38
2011.09.14 21:12:13.617,1.67926,1.68003,0.75,0.38
2011.09.14 21:12:14.661,1.6792,1.68003,0.38,0.38
2011.09.14 21:12:14.901,1.67916,1.67937,0.75,0.38
2011.09.14 21:12:15.129,1.67891,1.67934,1.35,0.30
2011.09.14 21:12:15.237,1.67876,1.67934,0.75,0.30
2011.09.14 21:12:16.279,1.67876,1.67933,0.75,0.38
2011.09.14 21:12:16.387,1.67876,1.67925,0.75,0.38
2011.09.14 21:12:16.497,1.67867,1.67925,0.75,0.38
2011.09.14 21:12:17.177,1.6791,1.67931,0.38,0.75
2011.09.14 21:12:17.599,1.67894,1.67931,0.38,0.75
2011.09.14 21:12:17.725,1.67894,1.6798,0.38,0.38
2011.09.14 21:12:18.579,1.67904,1.67986,0.38,1.05
2011.09.14 21:12:19.596,1.67904,1.67987,0.38,0.68
2011.09.14 21:12:19.986,1.67914,1.67996,0.38,0.30
2011.09.14 21:12:20.398,1.67914,1.67993,0.38,0.75
2011.09.14 21:12:21.027,1.67904,1.67987,0.38,0.38
2011.09.14 21:12:23.169,1.67898,1.67977,0.75,0.38
2011.09.14 21:12:23.388,1.67893,1.67976,0.38,0.30
2011.09.14 21:12:23.977,1.67888,1.67946,0.75,0.30
2011.09.14 21:12:24.196,1.67836,1.67935,0.75,0.30
2011.09.14 21:12:25.457,1.67857,1.67935,0.75,0.30
2011.09.14 21:12:26.778,1.67847,1.67935,0.75,0.30
2011.09.14 21:12:28.387,1.67847,1.67924,0.75,0.38
2011.09.14 21:12:28.717,1.67847,1.67914,0.75,0.30
2011.09.14 21:12:30.958,1.67846,1.67914,0.75,0.30
2011.09.14 21:12:37.730,1.67836,1.67914,0.75,0.30
2011.09.14 21:12:37.958,1.67836,1.67904,0.75,0.38
2011.09.14 21:12:38.287,1.67826,1.67904,0.75,0.38
2011.09.14 21:12:40.968,1.67837,1.67904,0.75,0.38
2011.09.14 21:12:49.721,1.67826,1.67904,0.75,0.38
2011.09.14 21:12:50.487,1.67819,1.67894,0.75,0.30
2011.09.14 21:12:50.597,1.67817,1.67894,0.75,0.30
2011.09.14 21:12:51.660,1.67817,1.67864,0.75,0.38
2011.09.14 21:12:51.768,1.67807,1.67864,0.75,0.38
2011.09.14 21:12:52.563,1.67807,1.67863,0.75,0.30
2011.09.14 21:12:53.348,1.67806,1.67863,0.75,0.30
2011.09.14 21:12:54.157,1.67807,1.67863,0.75,0.30
2011.09.14 21:12:54.841,1.67797,1.67863,0.75,0.30
2011.09.14 21:12:58.859,1.67787,1.67863,0.75,0.30
2011.09.14 21:12:58.967,1.67802,1.67863,0.38,0.30
2011.09.14 21:12:59.076,1.67802,1.67871,0.38,0.75
2011.09.14 21:12:59.187,1.67802,1.67899,0.38,0.30
2011.09.14 21:13:00.842,1.67806,1.67899,0.75,0.30
2011.09.14 21:13:01.554,1.67817,1.67899,0.75,0.30
2011.09.14 21:13:11.637,1.67826,1.67899,0.75,0.30
2011.09.14 21:13:17.168,1.67817,1.67899,0.75,0.30
2011.09.14 21:13:17.450,1.67806,1.67883,0.38,0.75
2011.09.14 21:13:17.932,1.67806,1.67874,0.38,0.75
2011.09.14 21:13:18.306,1.67808,1.67874,0.38,0.75
2011.09.14 21:13:19.288,1.67807,1.67874,0.38,0.75
2011.09.14 21:13:22.728,1.67799,1.67874,0.75,0.75
2011.09.14 21:13:22.947,1.67786,1.67874,0.75,0.75
2011.09.14 21:13:23.378,1.67766,1.67877,0.75,0.30
2011.09.14 21:13:23.768,1.67767,1.67873,0.75,0.75
2011.09.14 21:13:24.947,1.67765,1.67877,1.65,0.30
2011.09.14 21:13:25.060,1.67765,1.67855,1.35,0.30
2011.09.14 21:13:25.168,1.67758,1.67855,0.75,0.30
2011.09.14 21:13:25.276,1.67741,1.67855,0.30,0.30
2011.09.14 21:13:26.297,1.6773,1.67844,0.30,0.30
2011.09.14 21:13:29.597,1.67742,1.67856,0.30,0.30
2011.09.14 21:13:29.927,1.6776,1.67863,0.30,0.75
2011.09.14 21:13:30.147,1.67738,1.6785,0.30,0.30
2011.09.14 21:13:30.738,1.67762,1.67852,0.30,0.30
2011.09.14 21:13:30.846,1.67762,1.67873,0.30,0.75
2011.09.14 21:13:30.958,1.67739,1.67853,0.30,0.30
2011.09.14 21:13:34.087,1.67762,1.67854,0.30,0.30
2011.09.14 21:13:34.199,1.67762,1.67873,0.30,0.75
2011.09.14 21:13:34.786,1.67762,1.67874,0.30,0.30
2011.09.14 21:13:35.008,1.67787,1.67883,0.30,0.75
2011.09.14 21:13:35.337,1.67801,1.67893,0.30,0.75
2011.09.14 21:13:35.498,1.67801,1.67904,0.30,0.75
2011.09.14 21:13:37.058,1.67801,1.67913,0.30,0.30
2011.09.14 21:13:39.919,1.67781,1.67903,0.30,0.30
2011.09.14 21:13:40.028,1.67765,1.67902,0.30,0.30
2011.09.14 21:14:02.827,1.67787,1.67902,0.30,0.30
2011.09.14 21:14:03.218,1.67789,1.67901,0.30,0.30
2011.09.14 21:14:06.067,1.67801,1.67913,0.30,0.30
2011.09.14 21:14:12.827,1.67816,1.67913,0.75,0.30
2011.09.14 21:14:13.467,1.67826,1.67913,0.75,0.30
2011.09.14 21:14:13.686,1.67816,1.67913,0.75,0.30
2011.09.14 21:14:14.918,1.67816,1.67915,0.75,0.30
2011.09.14 21:14:15.027,1.67816,1.67924,0.75,0.30
2011.09.14 21:14:16.006,1.67826,1.67924,0.75,0.30
2011.09.14 21:14:17.097,1.67816,1.67924,0.75,0.30
2011.09.14 21:14:18.747,1.67812,1.67913,0.30,0.75
2011.09.14 21:14:19.078,1.67807,1.67903,0.75,0.30
2011.09.14 21:14:19.190,1.67796,1.67903,2.10,0.30
2011.09.14 21:14:19.660,1.67807,1.67903,0.75,0.30
2011.09.14 21:14:22.577,1.67816,1.67903,0.75,0.30
2011.09.14 21:14:28.092,1.67807,1.67903,0.75,0.30
2011.09.14 21:14:29.149,1.67806,1.67903,0.75,0.30
2011.09.14 21:14:31.952,1.67798,1.67903,0.38,0.30
2011.09.14 21:14:32.102,1.67798,1.6789,0.38,0.30
2011.09.14 21:14:32.219,1.67796,1.6789,0.75,0.30
2011.09.14 21:14:33.188,1.67794,1.6789,0.38,0.30
2011.09.14 21:14:38.836,1.6781,1.6789,0.38,0.30
2011.09.14 21:14:38.948,1.6781,1.67893,0.38,0.75
2011.09.14 21:14:39.578,1.67816,1.67901,0.75,0.38
2011.09.14 21:14:39.797,1.6781,1.67901,0.38,0.38
2011.09.14 21:14:42.298,1.67811,1.67903,0.38,1.05
2011.09.14 21:14:50.230,1.67807,1.67896,0.75,0.38
2011.09.14 21:14:50.337,1.67804,1.67894,0.75,1.05
2011.09.14 21:14:50.447,1.67795,1.67891,0.38,0.30
2011.09.14 21:14:50.748,1.67797,1.67891,0.75,0.30
2011.09.14 21:14:51.407,1.67797,1.67881,0.75,0.30
2011.09.14 21:14:51.627,1.67777,1.67881,0.75,0.30
2011.09.14 21:14:53.207,1.67776,1.67881,0.75,0.30
2011.09.14 21:14:53.322,1.67777,1.67863,0.75,0.75
2011.09.14 21:14:54.400,1.67756,1.6787,1.05,0.30
2011.09.14 21:14:56.367,1.67757,1.6787,0.38,0.30
2011.09.14 21:14:56.478,1.67786,1.6787,0.75,0.30
2011.09.14 21:14:56.949,1.67756,1.6787,0.30,0.30
2011.09.14 21:14:57.063,1.67749,1.67847,0.75,0.30
2011.09.14 21:14:57.179,1.67747,1.67847,0.75,0.30
2011.09.14 21:14:57.510,1.67773,1.6786,0.38,0.30
2011.09.14 21:14:58.877,1.67776,1.67881,0.75,0.30
2011.09.14 21:14:59.842,1.67787,1.67881,0.75,0.30
2011.09.14 21:15:00.177,1.67776,1.67881,0.75,0.30
2011.09.14 21:15:01.469,1.67777,1.67881,0.75,0.30
2011.09.14 21:15:01.576,1.67797,1.67881,0.75,0.30
2011.09.14 21:15:02.227,1.67777,1.67863,0.75,0.75
2011.09.14 21:15:04.659,1.67777,1.67856,0.75,0.38
2011.09.14 21:15:04.768,1.67772,1.67856,0.38,0.38
2011.09.14 21:15:06.780,1.67772,1.67853,0.38,0.75
2011.09.14 21:15:07.133,1.67774,1.67853,0.38,0.75
2011.09.14 21:15:08.010,1.67776,1.67853,0.38,0.75
2011.09.14 21:15:08.569,1.67779,1.67853,0.75,0.75
2011.09.14 21:15:10.293,1.67779,1.67854,0.75,0.75
2011.09.14 21:15:11.167,1.67778,1.67854,0.38,0.75
2011.09.14 21:15:12.627,1.67773,1.67854,0.75,0.75
2011.09.14 21:15:13.162,1.67772,1.67854,0.38,0.75
2011.09.14 21:15:15.371,1.67774,1.67854,0.38,0.75
2011.09.14 21:15:20.250,1.67768,1.67845,0.75,0.38
2011.09.14 21:15:22.163,1.67767,1.67845,0.75,0.38
2011.09.14 21:15:22.747,1.67766,1.67844,0.75,0.75
2011.09.14 21:15:25.539,1.67767,1.67844,0.38,0.75
2011.09.14 21:15:25.869,1.67767,1.67849,1.13,0.38
2011.09.14 21:15:25.979,1.67777,1.67834,0.38,0.75
2011.09.14 21:15:26.089,1.67777,1.67854,0.38,1.05
2011.09.14 21:15:27.498,1.67769,1.67819,0.75,0.38
2011.09.14 21:15:27.717,1.67747,1.67819,0.75,0.30
2011.09.14 21:15:28.759,1.67757,1.67819,0.75,0.30
2011.09.14 21:15:29.308,1.67747,1.67819,0.75,0.30
2011.09.14 21:15:30.330,1.67746,1.67819,0.38,0.30
2011.09.14 21:15:30.923,1.67757,1.67819,0.75,0.30
2011.09.14 21:15:31.138,1.67746,1.67819,1.13,0.30
2011.09.14 21:15:36.717,1.67756,1.67819,0.38,0.30
2011.09.14 21:15:36.842,1.67756,1.67821,0.38,0.30
2011.09.14 21:15:36.959,1.67756,1.67833,0.38,0.75
2011.09.14 21:15:37.998,1.67747,1.67833,0.75,0.75
2011.09.14 21:15:38.109,1.6772,1.67811,1.35,0.30
2011.09.14 21:15:38.218,1.67697,1.67811,0.30,0.30
2011.09.14 21:15:38.328,1.67677,1.67778,0.75,0.30
2011.09.14 21:15:38.547,1.67667,1.67778,0.75,0.30
2011.09.14 21:15:38.767,1.67677,1.67778,0.75,0.30
2011.09.14 21:15:39.768,1.67706,1.67778,0.75,0.30
2011.09.14 21:15:40.573,1.67747,1.6781,0.38,0.30
2011.09.14 21:15:40.687,1.67777,1.67824,0.38,1.35
2011.09.14 21:15:40.906,1.67777,1.67858,0.38,0.38
2011.09.14 21:15:41.276,1.67784,1.67859,0.38,0.30
2011.09.14 21:15:41.885,1.67784,1.67854,0.38,0.75
2011.09.14 21:15:42.649,1.67779,1.67854,0.75,0.75
2011.09.14 21:15:42.758,1.67779,1.67833,0.75,0.30
2011.09.14 21:15:42.977,1.67696,1.67809,0.75,0.30
2011.09.14 21:15:44.717,1.67706,1.67809,0.75,0.30
2011.09.14 21:15:45.758,1.67774,1.67809,0.38,0.30
2011.09.14 21:15:45.866,1.67774,1.67841,0.38,0.75
2011.09.14 21:15:46.087,1.67774,1.67854,0.38,0.75
2011.09.14 21:15:46.748,1.67768,1.67828,0.75,0.30
2011.09.14 21:15:46.967,1.67746,1.67828,0.75,0.30
2011.09.14 21:15:48.778,1.67746,1.67828,0.75,0.30
2011.09.14 21:15:56.747,1.67737,1.67828,0.75,0.30
2011.09.14 21:15:56.968,1.67785,1.67828,0.38,0.30
2011.09.14 21:15:57.077,1.67785,1.67861,0.38,0.75
2011.09.14 21:15:57.187,1.67785,1.67864,0.38,0.75
2011.09.14 21:15:57.642,1.67785,1.6785,0.38,0.30
2011.09.14 21:15:57.759,1.67779,1.67849,0.75,0.30
2011.09.14 21:15:57.976,1.67777,1.67849,0.75,0.30
2011.09.14 21:16:20.649,1.67767,1.67839,0.75,0.60
2011.09.14 21:16:20.977,1.67737,1.67795,0.75,0.38
2011.09.14 21:16:22.239,1.67736,1.67795,0.75,0.38
2011.09.14 21:16:23.837,1.67737,1.67795,0.75,0.38
2011.09.14 21:16:25.257,1.67706,1.67778,0.75,0.30
2011.09.14 21:16:25.477,1.67754,1.67779,0.38,0.30
2011.09.14 21:16:25.918,1.67755,1.67798,0.38,0.30
2011.09.14 21:16:26.027,1.67755,1.67834,0.38,0.75
2011.09.14 21:16:36.858,1.67748,1.67834,0.75,0.75
2011.09.14 21:16:37.077,1.67748,1.67824,0.75,0.30
2011.09.14 21:16:37.189,1.67717,1.67808,0.75,0.30
2011.09.14 21:16:37.407,1.67706,1.67808,0.75,0.30
2011.09.14 21:16:38.198,1.67716,1.67808,0.75,0.30
2011.09.14 21:16:59.710,1.67727,1.67808,0.75,0.30
2011.09.14 21:17:00.478,1.67726,1.67808,0.75,0.30
2011.09.14 21:17:02.364,1.67736,1.67808,0.75,0.30
2011.09.14 21:17:03.487,1.67736,1.67797,0.75,0.38
2011.09.14 21:17:03.817,1.67717,1.67797,0.75,0.38
2011.09.14 21:17:04.768,1.67716,1.67797,1.13,0.38
2011.09.14 21:17:05.790,1.67716,1.67794,0.38,0.75
2011.09.14 21:17:06.491,1.67716,1.67795,1.13,0.30
2011.09.14 21:17:10.707,1.67726,1.67795,0.38,0.30
2011.09.14 21:17:11.645,1.67726,1.67796,0.38,0.30
2011.09.14 21:17:11.757,1.67726,1.67804,0.38,0.75
2011.09.14 21:17:15.139,1.67719,1.67779,0.75,0.38
2011.09.14 21:17:15.360,1.67707,1.67779,0.75,0.68
2011.09.14 21:17:15.809,1.67707,1.67777,0.75,0.30
2011.09.14 21:17:16.239,1.67696,1.67777,0.75,0.30
2011.09.14 21:17:17.331,1.67697,1.67777,0.75,0.30
2011.09.14 21:17:19.050,1.67697,1.67779,0.75,0.38
2011.09.14 21:17:19.160,1.67716,1.67782,0.38,0.75
2011.09.14 21:17:19.817,1.67716,1.67783,0.38,0.75
2011.09.14 21:17:19.930,1.67716,1.67793,0.38,0.75
2011.09.14 21:17:21.707,1.67727,1.67793,0.38,0.75
2011.09.14 21:17:21.927,1.67727,1.67799,0.38,0.30
2011.09.14 21:17:24.879,1.67726,1.67799,0.75,0.68
2011.09.14 21:17:25.719,1.67727,1.67799,0.38,0.30
2011.09.14 21:17:34.609,1.67738,1.67799,0.38,0.30
2011.09.14 21:17:34.938,1.67738,1.67812,0.38,0.75
2011.09.14 21:17:35.047,1.67738,1.67823,0.38,0.75
2011.09.14 21:17:37.449,1.67758,1.67848,0.38,0.30
2011.09.14 21:17:37.558,1.67758,1.6786,0.38,0.30
2011.09.14 21:17:45.568,1.67767,1.6786,0.75,0.30
2011.09.14 21:17:57.017,1.67767,1.67859,0.75,0.38
2011.09.14 21:17:57.473,1.67777,1.67859,0.75,0.38
2011.09.14 21:17:58.830,1.67786,1.67859,0.75,0.38
2011.09.14 21:17:59.819,1.67777,1.67859,0.75,0.38
2011.09.14 21:18:31.670,1.67777,1.6786,0.75,0.30
2011.09.14 21:18:31.777,1.67767,1.6786,0.75,0.30
2011.09.14 21:18:37.552,1.67786,1.67888,0.75,1.35
2011.09.14 21:19:10.343,1.67777,1.67883,0.75,0.75
2011.09.14 21:19:15.628,1.67786,1.67886,0.75,1.35
2011.09.14 21:19:23.870,1.67777,1.67886,0.75,1.35
2011.09.14 21:19:23.976,1.67798,1.67886,0.38,1.35
2011.09.14 21:19:24.088,1.67798,1.67891,0.38,0.30
2011.09.14 21:19:24.196,1.67817,1.67891,0.38,0.30
2011.09.14 21:19:45.211,1.67817,1.67884,0.38,0.75
2011.09.14 21:19:45.609,1.67808,1.67884,0.75,0.75
2011.09.14 21:19:45.718,1.67797,1.67883,0.38,0.75
2011.09.14 21:19:46.800,1.67797,1.67873,0.38,0.75
2011.09.14 21:19:48.809,1.67797,1.67884,0.38,0.75
2011.09.14 21:19:55.261,1.67797,1.67873,0.38,0.75
2011.09.14 21:19:57.398,1.67797,1.67884,0.38,0.75
2011.09.14 21:19:57.507,1.67788,1.67884,0.75,0.75
2011.09.14 21:19:57.617,1.67788,1.67876,0.75,0.30
2011.09.14 21:19:57.728,1.67766,1.67864,0.75,0.30
2011.09.14 21:19:58.830,1.67767,1.67863,0.75,0.75
2011.09.14 21:19:59.819,1.67767,1.67853,0.75,0.75
2011.09.14 21:20:10.737,1.67756,1.67874,1.13,1.35
2011.09.14 21:20:20.518,1.67766,1.67874,1.50,1.35
2011.09.14 21:20:20.628,1.67779,1.67886,1.05,2.10
2011.09.14 21:20:21.178,1.67789,1.67891,1.50,1.05
2011.09.14 21:20:21.769,1.67797,1.67891,1.13,1.05
2011.09.14 21:20:24.808,1.67796,1.67894,1.13,1.35
2011.09.14 21:20:24.918,1.67799,1.67894,1.13,1.35
2011.09.14 21:20:25.138,1.67797,1.67893,1.13,1.05
2011.09.14 21:20:25.249,1.67797,1.67894,1.05,1.05
2011.09.14 21:20:25.360,1.67797,1.67906,1.05,1.50
2011.09.14 21:20:25.469,1.67797,1.67911,1.05,2.40
2011.09.14 21:20:25.580,1.67786,1.67903,1.05,1.35
2011.09.14 21:20:43.372,1.67784,1.67903,1.05,1.35
2011.09.14 21:20:43.819,1.67783,1.67892,1.88,1.35
2011.09.14 21:20:48.029,1.67789,1.67891,1.13,2.10
2011.09.14 21:20:50.768,1.67772,1.67825,1.05,1.05
2011.09.14 21:20:50.988,1.67734,1.67822,1.13,1.50
2011.09.14 21:20:51.767,1.67734,1.67822,1.13,1.50
2011.09.14 21:20:53.059,1.67728,1.67814,1.50,1.05
2011.09.14 21:20:53.172,1.67719,1.67816,1.50,1.35
2011.09.14 21:20:53.291,1.67722,1.67849,1.35,1.20
2011.09.14 21:20:54.411,1.67716,1.67844,1.35,1.35
2011.09.14 21:20:54.529,1.67722,1.67844,1.35,1.35
2011.09.14 21:20:55.948,1.67718,1.67853,1.50,1.35
2011.09.14 21:20:56.439,1.67724,1.67854,1.05,1.35
2011.09.14 21:21:02.238,1.67728,1.67864,1.13,1.35
2011.09.14 21:21:02.703,1.67728,1.67853,1.13,1.35
2011.09.14 21:21:02.947,1.67728,1.67843,1.13,1.35
2011.09.14 21:21:03.218,1.67724,1.67843,1.05,1.35
2011.09.14 21:21:04.790,1.67734,1.67838,1.13,1.05
2011.09.14 21:21:06.109,1.67734,1.67838,1.13,1.05
2011.09.14 21:21:09.828,1.67731,1.67838,1.13,1.05
2011.09.14 21:21:16.173,1.67731,1.67833,1.13,1.05
2011.09.14 21:21:16.398,1.67724,1.67828,1.50,1.05
2011.09.14 21:21:16.617,1.67722,1.67834,1.13,1.35
2011.09.14 21:21:16.769,1.67722,1.67828,1.13,1.05
2011.09.14 21:21:19.547,1.6772,1.67834,1.13,1.35
2011.09.14 21:21:27.607,1.67721,1.67843,1.13,1.35
2011.09.14 21:21:29.357,1.67721,1.67834,1.13,1.35
2011.09.14 21:21:30.399,1.67721,1.67844,1.13,1.73
2011.09.14 21:21:54.865,1.67713,1.67803,1.05,1.05
2011.09.14 21:21:55.091,1.6768,1.67823,1.05,1.35
2011.09.14 21:21:56.210,1.67681,1.67813,1.13,1.73
2011.09.14 21:21:56.317,1.67681,1.67817,1.13,1.73
2011.09.14 21:22:04.092,1.67684,1.67816,1.50,1.35
2011.09.14 21:22:04.211,1.67678,1.67794,1.05,1.05
2011.09.14 21:22:06.249,1.67678,1.678,1.13,1.35
2011.09.14 21:22:08.557,1.67677,1.67796,1.13,1.35
2011.09.14 21:22:09.298,1.67686,1.67802,1.05,2.10
2011.09.14 21:22:09.409,1.67708,1.67802,1.05,1.05
2011.09.14 21:22:09.521,1.67709,1.67843,1.05,1.35
2011.09.14 21:22:09.723,1.67706,1.67834,1.35,1.35
2011.09.14 21:22:10.782,1.67709,1.67843,1.05,1.35
2011.09.14 21:22:12.878,1.67708,1.67843,1.05,1.35
2011.09.14 21:22:12.994,1.67709,1.67844,1.05,1.35
2011.09.14 21:22:13.196,1.67709,1.67834,1.05,1.35
2011.09.14 21:22:14.209,1.67709,1.67844,1.05,1.35
2011.09.14 21:22:14.560,1.67709,1.67834,1.05,1.35
2011.09.14 21:22:17.619,1.67724,1.67843,1.13,1.35
2011.09.14 21:22:22.259,1.67731,1.67845,1.05,1.05
2011.09.14 21:22:22.488,1.67758,1.67853,1.50,1.50
2011.09.14 21:22:22.832,1.67759,1.67855,1.50,1.05
2011.09.14 21:22:23.822,1.67758,1.67855,1.50,1.05
2011.09.14 21:22:25.331,1.6775,1.67855,1.13,1.05
2011.09.14 21:22:25.449,1.6775,1.67855,1.13,1.05
2011.09.14 21:22:25.561,1.67757,1.67866,1.50,1.05
2011.09.14 21:22:25.680,1.67754,1.67866,1.05,1.05
2011.09.14 21:22:26.279,1.67748,1.67866,2.33,1.05
2011.09.14 21:22:33.823,1.67758,1.67866,1.73,1.05
2011.09.14 21:22:34.680,1.67758,1.67866,1.73,1.05
2011.09.14 21:22:35.230,1.67758,1.67866,1.73,1.05
2011.09.14 21:22:36.082,1.67758,1.67866,1.35,1.05
2011.09.14 21:22:38.081,1.67749,1.67866,1.35,1.05
2011.09.14 21:22:38.419,1.67749,1.67866,1.35,1.05
2011.09.14 21:22:38.528,1.67749,1.67866,1.35,1.05
2011.09.14 21:22:39.740,1.67746,1.67866,3.08,1.05
2011.09.14 21:22:41.228,1.67754,1.67866,1.05,1.05
2011.09.14 21:22:42.527,1.67754,1.67866,1.05,1.05
2011.09.14 21:22:46.838,1.67746,1.67866,3.08,1.05
2011.09.14 21:22:48.920,1.67754,1.67863,1.05,1.13
2011.09.14 21:22:49.139,1.67746,1.67856,1.35,1.05
2011.09.14 21:22:49.249,1.67736,1.67856,1.73,1.05
2011.09.14 21:22:50.619,1.67736,1.67826,2.40,1.05
2011.09.14 21:22:50.730,1.67713,1.67826,2.10,1.35
2011.09.14 21:22:51.811,1.67704,1.67834,2.40,1.35
2011.09.14 21:22:52.042,1.67704,1.67833,2.40,1.35
2011.09.14 21:22:53.020,1.67704,1.67803,2.10,1.35
2011.09.14 21:22:54.182,1.67705,1.67803,1.05,1.05
2011.09.14 21:22:54.410,1.67705,1.67817,1.05,1.05
2011.09.14 21:22:54.518,1.67705,1.67817,1.05,1.05
2011.09.14 21:22:54.831,1.67705,1.67824,1.05,1.35
2011.09.14 21:22:54.948,1.67705,1.67817,1.05,1.05
2011.09.14 21:22:58.680,1.67725,1.67817,1.35,1.05
2011.09.14 21:22:59.119,1.67726,1.6783,1.73,1.05
2011.09.14 21:22:59.228,1.67727,1.6783,1.13,1.05
2011.09.14 21:22:59.832,1.67727,1.6783,1.13,1.05
2011.09.14 21:23:00.769,1.67727,1.67834,1.73,1.35
2011.09.14 21:23:00.879,1.67727,1.67833,2.48,1.35
2011.09.14 21:23:04.838,1.67728,1.6783,1.13,1.05
2011.09.14 21:23:08.309,1.67727,1.67833,2.48,1.35
2011.09.14 21:23:09.854,1.6773,1.6783,1.13,1.05
2011.09.14 21:23:14.759,1.67727,1.6783,1.35,1.05
2011.09.14 21:23:14.870,1.67716,1.6783,2.40,1.05
2011.09.14 21:23:15.661,1.67716,1.67834,2.40,1.35
2011.09.14 21:23:55.169,1.67726,1.67834,1.13,1.35
2011.09.14 21:23:55.762,1.67729,1.6783,1.13,1.05
2011.09.14 21:23:56.860,1.67727,1.67833,1.13,1.35
2011.09.14 21:23:58.885,1.67727,1.67852,1.13,1.13
2011.09.14 21:23:59.708,1.67717,1.67852,2.10,2.10
2011.09.14 21:24:13.599,1.67719,1.67852,1.35,2.10
2011.09.14 21:24:15.079,1.67719,1.67852,2.10,2.10
2011.09.14 21:24:21.791,1.67726,1.67847,1.13,1.13
2011.09.14 21:24:23.769,1.67719,1.67852,2.10,2.10
2011.09.14 21:24:24.017,1.67726,1.67852,1.50,2.10
2011.09.14 21:24:25.043,1.67731,1.6784,1.73,1.05
2011.09.14 21:24:25.861,1.67731,1.6784,2.48,1.05
2011.09.14 21:24:26.199,1.67754,1.67847,1.50,1.13
2011.09.14 21:24:26.554,1.6775,1.67851,1.73,1.05
2011.09.14 21:24:27.480,1.6775,1.67854,1.73,1.35
2011.09.14 21:24:27.590,1.6775,1.67872,2.33,1.05
2011.09.14 21:24:27.921,1.67779,1.67868,1.13,1.13
2011.09.14 21:24:28.943,1.67789,1.67879,1.50,1.13
2011.09.14 21:24:29.280,1.67793,1.67881,1.50,1.05
2011.09.14 21:24:29.612,1.67793,1.67887,1.50,1.50
2011.09.14 21:24:30.324,1.67804,1.67892,1.50,1.13
2011.09.14 21:24:30.983,1.67804,1.67894,1.50,1.43
2011.09.14 21:24:31.432,1.67801,1.67893,1.13,1.05
2011.09.14 21:24:32.007,1.67793,1.67882,1.50,1.13
2011.09.14 21:24:34.170,1.67794,1.67882,1.50,1.13
2011.09.14 21:24:34.282,1.67803,1.67892,1.50,1.13
2011.09.14 21:24:34.403,1.67804,1.67894,1.50,1.43
2011.09.14 21:24:35.202,1.67804,1.67892,1.50,1.13
2011.09.14 21:24:36.910,1.67803,1.67892,1.50,1.13
2011.09.14 21:24:39.161,1.67803,1.67893,1.50,1.05
2011.09.14 21:24:39.269,1.67803,1.67897,1.50,1.05
2011.09.14 21:24:39.380,1.67836,1.67927,1.35,1.05
2011.09.14 21:24:39.489,1.67839,1.67953,1.43,1.05
2011.09.14 21:24:39.599,1.67855,1.67953,1.35,1.05
2011.09.14 21:24:40.628,1.67857,1.67953,1.35,1.05
2011.09.14 21:24:42.300,1.67854,1.67954,1.35,1.05
2011.09.14 21:24:42.572,1.6786,1.67954,1.35,1.05
2011.09.14 21:24:43.279,1.6786,1.67953,1.35,1.05
2011.09.14 21:24:46.178,1.67855,1.67953,1.35,1.05
2011.09.14 21:24:49.909,1.67855,1.67944,1.35,1.05
2011.09.14 21:24:50.130,1.67837,1.67928,1.13,1.05
2011.09.14 21:24:51.863,1.67837,1.67926,1.13,1.50
2011.09.14 21:24:52.851,1.67834,1.67921,1.13,1.13
2011.09.14 21:24:53.572,1.67834,1.67926,1.50,1.50
2011.09.14 21:24:53.689,1.67838,1.67928,1.35,1.05
2011.09.14 21:24:53.802,1.67838,1.67938,1.65,2.10
2011.09.14 21:24:53.918,1.67838,1.67937,2.10,1.35
2011.09.14 21:24:54.030,1.67854,1.67963,1.35,1.35
2011.09.14 21:24:56.151,1.67854,1.67959,1.35,1.05
2011.09.14 21:24:57.249,1.67854,1.67959,1.35,1.05
2011.09.14 21:25:03.329,1.67854,1.67959,1.35,1.05
2011.09.14 21:25:03.439,1.67859,1.67959,1.35,1.05
2011.09.14 21:25:13.940,1.67859,1.67959,2.10,1.05
2011.09.14 21:25:14.480,1.6787,1.6797,1.35,1.05
2011.09.14 21:25:24.003,1.6787,1.6797,1.73,1.05
2011.09.14 21:25:33.990,1.6787,1.6797,1.73,1.05
2011.09.14 21:25:35.889,1.67866,1.6797,1.73,1.05
2011.09.14 21:25:38.054,1.67866,1.67946,1.35,1.13
2011.09.14 21:25:38.278,1.67866,1.67951,1.35,1.35
2011.09.14 21:25:38.394,1.67859,1.67951,1.13,2.10
2011.09.14 21:25:39.510,1.67859,1.67946,1.13,1.13
2011.09.14 21:25:40.160,1.67859,1.67946,1.13,1.13
2011.09.14 21:25:43.510,1.67864,1.67964,1.13,1.05
2011.09.14 21:25:43.619,1.67875,1.67972,1.35,1.05
2011.09.14 21:25:43.730,1.67887,1.67986,1.73,1.05
2011.09.14 21:25:44.811,1.67887,1.67986,1.73,1.05
2011.09.14 21:25:46.743,1.67887,1.67986,1.73,1.05
2011.09.14 21:25:46.969,1.67887,1.67986,1.35,1.05
2011.09.14 21:25:47.080,1.67874,1.67986,1.05,1.05
2011.09.14 21:25:47.387,1.67866,1.67986,1.35,1.05
2011.09.14 21:25:48.308,1.67863,1.67976,2.10,1.05
2011.09.14 21:25:57.560,1.67898,1.67993,1.50,1.13
2011.09.14 21:25:57.668,1.67898,1.67993,1.50,1.13
2011.09.14 21:25:58.801,1.67898,1.67993,1.50,1.13
2011.09.14 21:25:59.770,1.67884,1.67996,2.40,1.05
2011.09.14 21:25:59.879,1.67866,1.67984,1.50,1.35
2011.09.14 21:26:00.099,1.67849,1.67946,1.50,1.80
2011.09.14 21:26:00.320,1.67847,1.67945,1.50,1.05
2011.09.14 21:26:00.429,1.67843,1.67936,1.13,1.13
2011.09.14 21:26:02.761,1.67843,1.67936,1.13,1.13
2011.09.14 21:26:06.539,1.67836,1.67945,1.50,1.05
2011.09.14 21:26:06.648,1.67839,1.67963,1.35,1.05
2011.09.14 21:26:06.759,1.67853,1.67964,1.73,1.35
2011.09.14 21:26:07.284,1.67855,1.67987,1.13,1.73
2011.09.14 21:26:08.840,1.67857,1.67974,1.13,1.35
2011.09.14 21:26:09.942,1.67866,1.67974,1.50,1.73
2011.09.14 21:26:16.920,1.67867,1.67963,1.50,1.05
2011.09.14 21:26:17.251,1.67894,1.67986,1.50,1.05
2011.09.14 21:26:17.473,1.67918,1.68006,1.50,1.05
2011.09.14 21:26:18.822,1.67918,1.68006,1.50,1.05
2011.09.14 21:26:19.811,1.67918,1.68006,1.50,1.05
2011.09.14 21:26:20.140,1.67918,1.68006,1.50,1.05
2011.09.14 21:26:45.015,1.67918,1.68006,1.50,1.05
2011.09.14 21:26:45.262,1.67892,1.67993,1.05,1.05
2011.09.14 21:26:45.493,1.67879,1.67992,1.05,1.43
2011.09.14 21:26:47.422,1.67879,1.6799,1.05,1.13
2011.09.14 21:26:47.873,1.67879,1.6799,1.05,1.13
2011.09.14 21:26:50.481,1.67887,1.6799,1.13,1.13
2011.09.14 21:26:52.242,1.67879,1.67991,1.05,1.05
2011.09.14 21:26:52.591,1.67879,1.67994,1.05,1.35
2011.09.14 21:26:53.251,1.67879,1.68004,1.05,1.35
2011.09.14 21:26:53.359,1.67865,1.68004,1.05,1.35
2011.09.14 21:26:54.824,1.67865,1.67993,1.05,1.35
2011.09.14 21:27:00.662,1.67874,1.67977,1.73,1.05
2011.09.14 21:27:01.784,1.67874,1.67977,1.73,1.05
2011.09.14 21:27:02.360,1.67876,1.67984,1.13,1.35
2011.09.14 21:27:10.979,1.67878,1.67977,1.13,1.05
2011.09.14 21:27:20.629,1.67876,1.67984,1.13,1.35
2011.09.14 21:27:25.559,1.67876,1.67984,1.13,1.35
2011.09.14 21:27:27.861,1.67874,1.67977,1.35,1.05
2011.09.14 21:27:28.182,1.67867,1.67977,1.13,1.05
2011.09.14 21:27:28.651,1.6787,1.67977,1.13,1.05
2011.09.14 21:27:28.993,1.67876,1.67977,1.13,1.05
2011.09.14 21:27:34.421,1.67876,1.67984,1.13,1.35
2011.09.14 21:27:34.942,1.67875,1.67977,1.73,1.05
2011.09.14 21:27:37.944,1.67877,1.67977,1.13,1.05
2011.09.14 21:27:55.865,1.67889,1.68001,1.05,2.10
2011.09.14 21:27:55.984,1.67899,1.68003,1.35,1.05
2011.09.14 21:27:56.103,1.67886,1.68003,1.73,1.05
2011.09.14 21:28:21.510,1.67887,1.68003,1.35,1.05
2011.09.14 21:28:22.751,1.67896,1.68003,1.35,1.05
2011.09.14 21:28:25.382,1.67887,1.68003,1.35,1.05
2011.09.14 21:28:25.500,1.67886,1.68004,1.35,1.35
2011.09.14 21:28:26.931,1.67887,1.68003,1.35,1.05
2011.09.14 21:28:39.980,1.67885,1.67993,1.35,1.35
2011.09.14 21:28:40.090,1.67876,1.67993,1.05,1.35
2011.09.14 21:28:41.060,1.67877,1.67993,1.50,1.35
2011.09.14 21:28:41.640,1.67885,1.67994,1.35,1.35
2011.09.14 21:28:42.792,1.67885,1.67993,2.10,1.35
2011.09.14 21:28:43.553,1.67887,1.67993,1.50,1.35
2011.09.14 21:28:43.781,1.67896,1.68002,1.50,1.13
2011.09.14 21:28:50.534,1.67906,1.68003,1.50,1.05
2011.09.14 21:28:55.995,1.67908,1.68003,1.50,1.05
2011.09.14 21:28:56.763,1.67909,1.68003,1.13,1.05
2011.09.14 21:28:58.671,1.67902,1.68001,2.10,1.50
2011.09.14 21:28:58.780,1.67902,1.67995,1.35,1.13
2011.09.14 21:28:58.890,1.67897,1.67995,1.13,1.13
2011.09.14 21:29:04.395,1.67894,1.67997,2.10,1.13
2011.09.14 21:29:04.511,1.67894,1.67997,2.10,1.13
2011.09.14 21:29:04.621,1.67894,1.67993,2.10,1.05
2011.09.14 21:29:05.453,1.67885,1.67993,2.10,1.35
2011.09.14 21:29:05.782,1.67885,1.67985,2.10,1.05
2011.09.14 21:29:14.140,1.67885,1.67985,1.35,1.05
2011.09.14 21:29:14.582,1.67875,1.67985,2.10,1.05
2011.09.14 21:29:14.703,1.67875,1.67985,2.10,1.05
2011.09.14 21:29:16.163,1.67887,1.67985,1.50,1.05
2011.09.14 21:29:16.280,1.67893,1.67993,1.13,1.35
2011.09.14 21:29:18.046,1.67893,1.67994,1.13,1.35
2011.09.14 21:29:18.600,1.67878,1.67993,1.13,1.35
2011.09.14 21:29:18.711,1.67873,1.68004,1.43,1.35
2011.09.14 21:29:18.821,1.67873,1.68004,1.13,1.35
2011.09.14 21:29:19.752,1.67863,1.67993,2.10,1.35
2011.09.14 21:29:22.366,1.67878,1.67993,1.05,1.35
2011.09.14 21:29:22.481,1.67878,1.67994,1.43,1.35
2011.09.14 21:29:22.923,1.67897,1.68002,1.13,1.05
2011.09.14 21:29:24.208,1.67894,1.68003,1.73,1.35
2011.09.14 21:29:24.321,1.67894,1.68003,2.10,1.35
2011.09.14 21:29:27.944,1.67907,1.68003,1.50,1.35
2011.09.14 21:29:28.172,1.67884,1.68001,2.10,1.35
2011.09.14 21:29:28.513,1.67874,1.67983,1.35,1.35
2011.09.14 21:29:30.813,1.67874,1.67977,1.35,1.05
2011.09.14 21:29:37.691,1.67869,1.67977,1.13,1.05
2011.09.14 21:29:41.652,1.67868,1.67974,1.50,1.13
2011.09.14 21:29:42.271,1.67869,1.67974,1.50,1.13
2011.09.14 21:29:42.913,1.67869,1.67974,1.50,1.13
2011.09.14 21:29:45.873,1.67866,1.67974,1.50,1.13
2011.09.14 21:29:45.990,1.67866,1.67964,1.50,1.35
2011.09.14 21:29:46.322,1.67845,1.67947,1.05,1.65
2011.09.14 21:29:46.442,1.67836,1.67947,1.50,1.95
2011.09.14 21:29:46.551,1.67836,1.67954,1.80,1.35
2011.09.14 21:29:47.827,1.67849,1.67948,1.13,1.05
2011.09.14 21:29:48.802,1.67849,1.67948,1.13,1.05
2011.09.14 21:29:49.242,1.67836,1.6794,1.05,1.35
2011.09.14 21:29:49.462,1.6781,1.67896,1.13,1.13
2011.09.14 21:29:50.394,1.67806,1.67896,1.13,1.13
2011.09.14 21:29:51.552,1.67805,1.67897,1.13,1.43
2011.09.14 21:29:51.993,1.67809,1.67911,1.50,1.05
2011.09.14 21:30:04.951,1.67816,1.67914,1.50,1.35
2011.09.14 21:30:05.062,1.67816,1.67914,1.50,1.35
2011.09.14 21:30:05.391,1.67755,1.67874,1.05,1.95
2011.09.14 21:30:05.501,1.67755,1.67874,1.05,1.95
2011.09.14 21:30:06.343,1.67755,1.67874,1.05,1.95
2011.09.14 21:30:07.883,1.67755,1.67874,1.05,1.95
2011.09.14 21:30:08.551,1.67752,1.67864,1.05,1.65
2011.09.14 21:30:09.084,1.67738,1.67864,1.05,1.95
2011.09.14 21:30:12.271,1.67738,1.67864,1.05,2.70
2011.09.14 21:30:13.724,1.67738,1.67864,1.05,2.70
2011.09.14 21:30:16.703,1.67738,1.67864,1.05,2.70
2011.09.14 21:30:18.094,1.67738,1.6785,1.05,1.05
2011.09.14 21:30:22.372,1.67738,1.67853,1.05,1.35
2011.09.14 21:30:29.761,1.67738,1.67854,1.05,1.35
2011.09.14 21:30:30.861,1.67738,1.6785,1.05,1.05
2011.09.14 21:30:38.366,1.67738,1.67803,1.05,1.35
2011.09.14 21:30:38.485,1.67717,1.67799,1.50,1.35
2011.09.14 21:30:38.713,1.67693,1.67779,1.50,1.35
2011.09.14 21:30:38.974,1.67667,1.67777,1.50,1.35
2011.09.14 21:30:39.093,1.67667,1.67752,1.50,1.65
2011.09.14 21:30:39.212,1.67624,1.67752,1.43,1.95
2011.09.14 21:30:39.782,1.67636,1.67762,1.05,1.95
2011.09.14 21:30:39.892,1.67636,1.67762,1.05,1.95
2011.09.14 21:30:42.131,1.67643,1.67762,1.13,1.95
2011.09.14 21:30:57.236,1.67644,1.67762,1.13,1.95
2011.09.14 21:31:15.171,1.67653,1.67762,1.13,1.65
2011.09.14 21:31:31.251,1.67653,1.67762,1.13,1.65
2011.09.14 21:31:43.470,1.67652,1.67762,1.13,1.65
2011.09.14 21:31:43.580,1.67652,1.67753,1.13,1.35
2011.09.14 21:31:43.804,1.6765,1.67763,1.13,1.65
2011.09.14 21:31:44.675,1.67648,1.67763,1.05,1.65
2011.09.14 21:31:44.902,1.67648,1.67763,1.05,1.65
2011.09.14 21:31:45.802,1.67648,1.67763,1.05,1.65
2011.09.14 21:31:51.741,1.67648,1.67763,1.43,1.65
2011.09.14 21:31:54.593,1.67648,1.67753,1.43,1.35
2011.09.14 21:31:54.931,1.67648,1.67744,1.13,1.73
2011.09.14 21:31:55.903,1.67648,1.67744,1.13,1.73
2011.09.14 21:31:56.021,1.67647,1.67753,1.13,1.95
2011.09.14 21:31:57.971,1.67644,1.67746,2.25,1.05
2011.09.14 21:31:58.080,1.67644,1.67732,2.25,1.73
2011.09.14 21:31:58.301,1.67644,1.67731,1.13,1.13
2011.09.14 21:31:59.193,1.67644,1.67731,1.13,1.13
2011.09.14 21:31:59.471,1.67647,1.67732,1.13,2.10
2011.09.14 21:32:00.028,1.67647,1.67754,1.13,1.35
2011.09.14 21:32:00.783,1.67647,1.67754,1.13,1.35
2011.09.14 21:32:06.481,1.67645,1.67752,1.13,1.35
2011.09.14 21:32:09.634,1.67644,1.6775,1.05,1.35
2011.09.14 21:32:10.535,1.67644,1.6775,1.05,1.35
2011.09.14 21:32:11.373,1.67644,1.6775,1.05,2.10
2011.09.14 21:32:12.772,1.67637,1.67741,1.13,3.08
2011.09.14 21:32:32.152,1.67637,1.67741,1.13,3.08
2011.09.14 21:32:47.541,1.67642,1.6774,1.13,2.03
2011.09.14 21:32:50.470,1.67636,1.6774,1.13,2.03
2011.09.14 21:32:50.583,1.67636,1.6774,1.13,2.03
2011.09.14 21:32:54.623,1.67638,1.6774,1.13,1.65
2011.09.14 21:32:55.803,1.67638,1.6775,1.13,1.95
2011.09.14 21:33:04.585,1.67638,1.6775,1.13,1.95
2011.09.14 21:33:05.104,1.67638,1.67742,1.13,1.95
2011.09.14 21:33:06.437,1.67635,1.67738,1.13,1.35
2011.09.14 21:33:08.445,1.67634,1.67738,1.13,2.10
2011.09.14 21:33:08.782,1.67634,1.67728,1.13,1.35
2011.09.14 21:33:10.711,1.67631,1.67728,1.13,2.10
2011.09.14 21:33:12.623,1.67634,1.67738,1.13,2.10
2011.09.14 21:33:12.742,1.67634,1.67738,1.13,1.35
2011.09.14 21:33:13.684,1.67634,1.67738,1.13,1.35
2011.09.14 21:33:13.912,1.67638,1.67738,1.13,1.35
2011.09.14 21:33:14.464,1.67638,1.67738,1.13,2.10
2011.09.14 21:33:14.691,1.67634,1.67729,1.50,1.35
2011.09.14 21:33:15.371,1.67634,1.67724,1.13,1.35
2011.09.14 21:33:17.093,1.67643,1.67744,1.05,1.05
2011.09.14 21:33:17.321,1.67643,1.67802,1.05,1.95
2011.09.14 21:33:18.742,1.67643,1.67807,1.05,1.95
2011.09.14 21:33:19.442,1.67634,1.67755,1.13,1.35
2011.09.14 21:33:19.770,1.67634,1.67738,1.13,1.35
2011.09.14 21:33:21.072,1.67634,1.67738,1.13,1.35
2011.09.14 21:33:21.859,1.67651,1.67796,1.05,1.35
2011.09.14 21:33:21.984,1.67651,1.67729,1.05,1.35
2011.09.14 21:33:22.101,1.67634,1.67729,1.13,1.35
2011.09.14 21:33:24.002,1.67634,1.67729,1.13,1.35
2011.09.14 21:33:25.822,1.67634,1.67729,1.13,1.35
2011.09.14 21:33:26.363,1.67657,1.67729,1.50,1.35
2011.09.14 21:33:26.694,1.67663,1.67757,1.50,1.73
2011.09.14 21:33:27.762,1.67671,1.67757,1.13,1.73
2011.09.14 21:33:28.402,1.67671,1.67755,1.13,1.13
2011.09.14 21:33:28.732,1.67633,1.67729,1.13,1.95
2011.09.14 21:33:31.972,1.67631,1.67717,1.13,1.35
2011.09.14 21:33:32.194,1.67633,1.67717,1.13,1.35
2011.09.14 21:33:32.761,1.67633,1.67729,1.13,1.35
2011.09.14 21:33:32.871,1.67633,1.67729,1.13,1.35
2011.09.14 21:33:33.443,1.67633,1.67729,1.13,1.35
2011.09.14 21:33:34.061,1.67636,1.67729,1.13,1.35
2011.09.14 21:33:34.282,1.67636,1.67729,1.13,1.35
2011.09.14 21:33:41.001,1.67651,1.67765,1.05,1.05
2011.09.14 21:33:41.111,1.67651,1.67776,1.05,1.35
2011.09.14 21:33:41.872,1.67651,1.67808,1.05,1.95
2011.09.14 21:33:45.954,1.67651,1.67749,1.05,1.35
2011.09.14 21:33:47.941,1.67651,1.67749,1.05,1.35
2011.09.14 21:33:50.013,1.67657,1.67749,1.50,1.35
2011.09.14 21:33:50.244,1.67664,1.6777,1.50,1.95
2011.09.14 21:33:52.162,1.67675,1.6777,1.13,1.95
2011.09.14 21:33:53.262,1.67675,1.6777,1.13,1.95
2011.09.14 21:33:56.945,1.67696,1.6777,1.13,1.35
2011.09.14 21:33:57.063,1.67686,1.67779,1.50,1.13
2011.09.14 21:33:59.154,1.67696,1.67779,1.13,1.13
2011.09.14 21:34:00.253,1.67696,1.67779,1.13,1.13
2011.09.14 21:34:09.162,1.67696,1.6778,1.13,2.03
2011.09.14 21:34:09.273,1.67677,1.6778,1.50,2.33
2011.09.14 21:34:09.391,1.67677,1.67749,1.50,1.35
2011.09.14 21:34:09.501,1.67655,1.67749,1.43,1.35
2011.09.14 21:34:10.813,1.67655,1.67749,1.05,1.35
2011.09.14 21:34:36.152,1.67643,1.67751,1.43,1.35
2011.09.14 21:35:06.393,1.67647,1.67761,1.13,1.95
2011.09.14 21:35:06.503,1.67666,1.67761,1.05,1.35
2011.09.14 21:35:08.421,1.67666,1.6776,1.05,1.35
2011.09.14 21:35:10.301,1.67666,1.67761,1.05,1.35
2011.09.14 21:35:16.461,1.67666,1.67761,1.05,2.10
2011.09.14 21:35:16.792,1.6765,1.6774,1.13,1.35
2011.09.14 21:35:18.023,1.6765,1.6774,1.13,1.35
2011.09.14 21:35:27.593,1.67651,1.67743,1.13,1.35
2011.09.14 21:35:49.894,1.67652,1.67751,1.13,1.13
2011.09.14 21:35:50.615,1.67652,1.67751,1.13,1.13
2011.09.14 21:35:56.554,1.67653,1.67753,1.13,2.10
2011.09.14 21:35:59.412,1.6766,1.67754,1.13,1.73
2011.09.14 21:36:02.355,1.67661,1.67754,1.13,1.73
2011.09.14 21:36:10.924,1.67659,1.67754,1.13,1.73
2011.09.14 21:36:20.473,1.67662,1.67754,1.13,1.73
2011.09.14 21:36:24.774,1.67666,1.67757,1.13,1.73
2011.09.14 21:36:25.113,1.67666,1.67755,1.13,1.35
2011.09.14 21:36:26.923,1.67658,1.67755,1.13,1.73
2011.09.14 21:36:27.795,1.67656,1.67755,1.13,1.73
2011.09.14 21:36:39.030,1.67656,1.67753,1.13,1.35
2011.09.14 21:36:39.364,1.67659,1.67753,1.13,1.73
2011.09.14 21:36:39.701,1.67659,1.67752,1.13,1.13
2011.09.14 21:36:41.711,1.67651,1.67752,1.05,1.13
2011.09.14 21:36:47.832,1.67651,1.67752,1.05,2.10
2011.09.14 21:36:51.392,1.67645,1.67751,1.13,1.50
2011.09.14 21:36:51.833,1.67645,1.67741,1.13,1.73
2011.09.14 21:36:53.074,1.67642,1.67741,1.13,1.35
2011.09.14 21:36:57.073,1.67639,1.67736,1.05,1.35
2011.09.14 21:36:57.633,1.67579,1.67761,1.35,1.35
2011.09.14 21:37:00.143,1.67628,1.67742,1.05,1.05
2011.09.14 21:37:00.482,1.67628,1.67744,1.05,1.35
2011.09.14 21:37:00.842,1.67628,1.67744,1.05,1.35
2011.09.14 21:37:02.002,1.67628,1.67743,1.05,1.05
2011.09.14 21:37:02.882,1.67628,1.67743,1.05,1.05
2011.09.14 21:37:04.723,1.67628,1.67744,1.05,1.35
2011.09.14 21:37:06.201,1.67628,1.67743,1.05,1.05
2011.09.14 21:37:11.955,1.67616,1.67733,1.05,1.35
2011.09.14 21:37:12.073,1.67616,1.67733,1.05,1.35
2011.09.14 21:37:12.303,1.67616,1.67733,1.05,1.35
2011.09.14 21:37:16.374,1.67629,1.67741,1.05,1.05
2011.09.14 21:37:16.492,1.67629,1.67743,1.05,1.35
2011.09.14 21:37:16.793,1.67629,1.67741,1.05,1.05
2011.09.14 21:37:18.933,1.67629,1.67743,1.05,1.35
2011.09.14 21:37:23.075,1.67629,1.67741,1.05,1.05
2011.09.14 21:37:23.687,1.67629,1.67744,1.05,1.35
2011.09.14 21:37:25.063,1.67629,1.67743,1.05,1.35
2011.09.14 21:37:28.093,1.67629,1.67741,1.05,1.05
2011.09.14 21:37:34.432,1.67629,1.67741,1.05,1.05
2011.09.14 21:37:35.028,1.6761,1.67734,1.05,1.35
2011.09.14 21:37:35.573,1.6761,1.67742,1.05,1.20
2011.09.14 21:37:38.765,1.67623,1.67735,1.05,1.05
2011.09.14 21:37:38.884,1.67623,1.67742,1.05,1.20
2011.09.14 21:37:42.776,1.67623,1.67735,1.05,1.05
2011.09.14 21:37:44.613,1.67646,1.67758,1.05,1.05
2011.09.14 21:37:44.957,1.67646,1.67758,1.05,1.05
2011.09.14 21:37:48.805,1.67633,1.67743,1.05,1.05
2011.09.14 21:37:49.325,1.67622,1.67744,1.05,1.35
2011.09.14 21:37:49.844,1.67659,1.67758,1.05,1.13
2011.09.14 21:37:50.313,1.67644,1.67764,1.05,1.35
2011.09.14 21:37:50.442,1.67628,1.67764,1.05,1.35
2011.09.14 21:37:51.711,1.67646,1.67764,1.35,1.35
2011.09.14 21:37:52.414,1.67646,1.67764,1.05,1.35
2011.09.14 21:37:52.877,1.67638,1.67764,1.05,1.35
2011.09.14 21:37:54.197,1.67638,1.67753,1.05,1.35
2011.09.14 21:37:55.492,1.67638,1.6775,1.05,1.05
2011.09.14 21:38:00.504,1.67638,1.6775,1.05,1.05
2011.09.14 21:38:04.405,1.67638,1.6775,1.05,1.05
2011.09.14 21:38:04.522,1.67638,1.6775,1.05,1.05
2011.09.14 21:38:07.473,1.67647,1.67762,1.35,1.05
2011.09.14 21:38:11.682,1.67637,1.67762,1.35,1.05
2011.09.14 21:38:12.273,1.67634,1.67748,1.05,1.05
2011.09.14 21:38:12.675,1.67634,1.67748,1.05,1.05
2011.09.14 21:38:13.705,1.67634,1.67748,1.05,1.05
2011.09.14 21:38:16.195,1.67634,1.67748,1.05,1.05
2011.09.14 21:38:16.954,1.67634,1.67748,1.05,1.05
2011.09.14 21:38:18.718,1.67634,1.67748,1.05,1.05
2011.09.14 21:38:19.793,1.67607,1.67734,1.35,1.05
2011.09.14 21:38:20.648,1.67622,1.67734,1.05,1.05
2011.09.14 21:38:20.765,1.67627,1.67748,1.35,1.05
2011.09.14 21:38:21.894,1.67636,1.67748,1.05,1.05
2011.09.14 21:38:23.283,1.67595,1.67744,1.05,1.05
2011.09.14 21:38:23.405,1.67527,1.67723,1.50,1.35
2011.09.14 21:38:23.522,1.67534,1.67723,1.35,1.05
2011.09.14 21:38:24.458,1.67597,1.67721,1.35,1.05
2011.09.14 21:38:25.467,1.67597,1.67713,1.05,1.05
2011.09.14 21:38:25.583,1.67597,1.67713,1.05,1.35
2011.09.14 21:38:28.402,1.67598,1.6771,1.05,1.05
2011.09.14 21:38:32.983,1.67598,1.67713,1.05,1.35
2011.09.14 21:38:40.773,1.67596,1.67713,1.05,1.35
2011.09.14 21:38:41.345,1.67575,1.67703,1.05,1.35
2011.09.14 21:38:41.466,1.67575,1.67693,1.05,1.35
2011.09.14 21:38:41.581,1.67575,1.67704,1.05,1.35
2011.09.14 21:38:41.691,1.67575,1.67714,1.05,1.35
2011.09.14 21:38:42.243,1.67575,1.67713,1.05,1.35
2011.09.14 21:38:44.263,1.67575,1.67704,1.05,1.35
2011.09.14 21:38:44.781,1.6759,1.67704,1.05,1.35
2011.09.14 21:38:45.112,1.6759,1.677,1.05,1.35
2011.09.14 21:38:45.642,1.6759,1.677,1.05,1.35
2011.09.14 21:38:46.663,1.6759,1.677,1.05,1.35
2011.09.14 21:38:46.881,1.67601,1.6771,1.05,1.35
2011.09.14 21:38:47.983,1.67601,1.6771,1.05,1.35
2011.09.14 21:38:49.585,1.67601,1.6771,1.05,1.35
2011.09.14 21:38:50.633,1.67601,1.6771,1.05,1.35
2011.09.14 21:38:54.164,1.67601,1.67711,1.05,1.35
2011.09.14 21:38:54.392,1.67601,1.67711,1.05,1.35
2011.09.14 21:38:54.502,1.67601,1.67701,1.05,1.35
2011.09.14 21:38:55.554,1.67601,1.67701,1.05,1.35
2011.09.14 21:38:55.782,1.67601,1.67723,1.05,1.95
2011.09.14 21:38:57.183,1.67601,1.67696,1.05,1.35
2011.09.14 21:38:57.948,1.67601,1.67696,1.05,1.35
2011.09.14 21:39:01.322,1.67583,1.67688,1.43,1.35
2011.09.14 21:39:02.822,1.67596,1.67712,1.05,1.95
2011.09.14 21:39:03.565,1.67596,1.67711,1.05,1.65
2011.09.14 21:39:05.309,1.67596,1.67711,1.05,1.65
2011.09.14 21:39:08.842,1.67584,1.67711,1.05,1.95
2011.09.14 21:39:09.222,1.67584,1.67689,1.05,1.35
2011.09.14 21:39:10.872,1.67584,1.67689,1.05,1.35
2011.09.14 21:39:10.982,1.67584,1.67689,1.05,1.35
2011.09.14 21:39:11.535,1.67584,1.67692,1.05,1.35
2011.09.14 21:39:11.914,1.67596,1.67708,1.05,1.05
2011.09.14 21:39:12.034,1.67596,1.6771,1.05,1.95
2011.09.14 21:39:12.593,1.67596,1.6771,1.05,1.95
2011.09.14 21:39:12.811,1.67596,1.6771,1.05,1.95
2011.09.14 21:39:13.032,1.67596,1.67699,1.05,1.65
2011.09.14 21:39:13.917,1.6758,1.67699,1.05,1.95
2011.09.14 21:39:14.566,1.6758,1.67699,1.05,1.95
2011.09.14 21:39:14.681,1.6758,1.67699,1.05,1.95
2011.09.14 21:39:17.403,1.67578,1.67699,1.05,1.95
2011.09.14 21:39:17.632,1.6757,1.67678,1.05,1.35
2011.09.14 21:39:30.884,1.6757,1.67678,1.05,1.35
2011.09.14 21:39:31.002,1.6757,1.67699,1.05,1.95
2011.09.14 21:39:31.302,1.6758,1.67699,1.05,1.95
2011.09.14 21:39:33.682,1.6758,1.67699,1.05,1.95
2011.09.14 21:39:34.154,1.6758,1.67687,1.05,1.35
2011.09.14 21:39:37.155,1.6757,1.67687,1.05,1.95
2011.09.14 21:39:37.493,1.6757,1.67678,1.05,1.35
2011.09.14 21:39:37.604,1.6757,1.67687,1.05,1.95
2011.09.14 21:39:39.352,1.67584,1.67698,1.05,1.95
2011.09.14 21:39:39.462,1.67584,1.67698,1.05,1.65
2011.09.14 21:39:40.819,1.67584,1.67698,1.05,1.65
2011.09.14 21:39:42.254,1.67584,1.67699,1.05,1.65
2011.09.14 21:39:42.464,1.67584,1.67699,1.05,1.65
2011.09.14 21:39:44.845,1.67584,1.67699,1.05,1.65
2011.09.14 21:39:45.225,1.67584,1.6768,1.05,1.35
2011.09.14 21:39:47.226,1.67584,1.6766,1.05,1.35
2011.09.14 21:39:49.867,1.67569,1.67663,1.05,1.35
2011.09.14 21:39:49.985,1.67579,1.67679,1.05,1.35
2011.09.14 21:39:50.106,1.67579,1.67691,1.05,1.35
2011.09.14 21:39:51.068,1.67579,1.67691,1.05,1.35
2011.09.14 21:39:51.687,1.67579,1.67679,1.05,1.35
2011.09.14 21:39:51.804,1.67562,1.67679,1.05,1.95
2011.09.14 21:39:53.843,1.67562,1.67689,1.05,1.95
2011.09.14 21:39:56.313,1.67582,1.67704,1.05,1.35
2011.09.14 21:39:56.874,1.67582,1.67709,1.05,1.95
2011.09.14 21:39:57.842,1.67582,1.67709,1.05,1.95
2011.09.14 21:39:59.333,1.67597,1.67709,1.05,1.65
2011.09.14 21:39:59.444,1.67597,1.67709,1.35,1.35
2011.09.14 21:39:59.604,1.67597,1.6772,1.35,1.95
2011.09.14 21:40:00.961,1.67603,1.6772,1.05,1.95
2011.09.14 21:40:01.072,1.67603,1.67715,1.05,1.05
2011.09.14 21:40:47.984,1.67603,1.67715,1.05,1.05
2011.09.14 21:40:48.374,1.67603,1.67699,1.05,1.35
2011.09.14 21:40:54.095,1.67603,1.67699,1.05,2.10
2011.09.14 21:40:59.044,1.67603,1.67703,1.05,1.35
2011.09.14 21:41:00.186,1.67584,1.67705,2.10,2.10
2011.09.14 21:41:00.526,1.67616,1.67722,1.05,2.10
2011.09.14 21:41:00.644,1.67616,1.67728,1.05,1.05
2011.09.14 21:41:03.206,1.67616,1.67723,1.05,1.05
2011.09.14 21:41:03.545,1.67602,1.67704,1.05,2.10
2011.09.14 21:41:03.886,1.67602,1.67723,1.05,1.35
2011.09.14 21:41:39.331,1.67602,1.67716,1.05,1.05
2011.09.14 21:41:39.663,1.67613,1.67727,1.05,1.05
2011.09.14 21:41:39.996,1.67626,1.67734,1.05,2.10
2011.09.14 21:41:40.553,1.67626,1.67734,1.05,2.10
2011.09.14 21:41:50.265,1.67616,1.67734,1.35,2.10
2011.09.14 21:41:50.750,1.67616,1.67732,1.05,1.65
2011.09.14 21:41:50.867,1.67618,1.67732,1.05,1.65
2011.09.14 21:41:50.983,1.67618,1.67732,1.05,1.65
2011.09.14 21:41:51.317,1.67631,1.67734,1.05,2.10
2011.09.14 21:41:52.615,1.67631,1.67728,1.05,1.35
2011.09.14 21:41:52.954,1.67631,1.67726,1.05,2.10
2011.09.14 21:41:53.066,1.67606,1.67725,1.35,2.10
2011.09.14 21:41:53.295,1.67606,1.6772,1.05,2.40
2011.09.14 21:41:55.831,1.67606,1.6772,1.35,2.40
2011.09.14 21:41:56.163,1.67619,1.67722,1.05,2.10
2011.09.14 21:41:58.482,1.67619,1.67719,1.05,2.10
2011.09.14 21:42:00.843,1.67619,1.67719,1.05,2.10
2011.09.14 21:42:00.952,1.67619,1.67711,1.05,1.35
2011.09.14 21:42:01.286,1.67592,1.67708,1.05,1.95
2011.09.14 21:42:01.405,1.67592,1.67708,1.05,1.95
2011.09.14 21:42:01.632,1.67592,1.67708,1.05,1.95
2011.09.14 21:42:04.364,1.67606,1.67708,1.05,1.35
2011.09.14 21:42:05.062,1.67608,1.67709,1.05,1.35
2011.09.14 21:42:07.892,1.67608,1.67709,1.05,2.10
2011.09.14 21:42:10.652,1.67608,1.67706,1.05,2.10
2011.09.14 21:42:11.732,1.67608,1.67706,1.05,2.10
2011.09.14 21:42:13.986,1.67608,1.6771,1.05,1.35
2011.09.14 21:42:24.552,1.67608,1.6772,1.05,2.40
2011.09.14 21:42:25.864,1.67608,1.6772,1.05,1.65
2011.09.14 21:42:28.592,1.67608,1.6772,1.05,1.65
2011.09.14 21:42:39.454,1.67608,1.6772,1.05,2.40
2011.09.14 21:42:39.822,1.67606,1.67711,1.05,1.35
2011.09.14 21:42:40.773,1.67608,1.67711,1.05,1.35
2011.09.14 21:42:47.208,1.67608,1.67711,1.05,1.35
2011.09.14 21:42:51.200,1.67608,1.6771,1.05,1.35
2011.09.14 21:42:54.283,1.67608,1.6771,1.05,1.35
2011.09.14 21:43:00.954,1.67607,1.6771,1.05,1.35
2011.09.14 21:43:01.062,1.67608,1.6772,1.80,2.03
2011.09.14 21:43:01.326,1.67611,1.67731,1.35,1.35
2011.09.14 21:43:02.822,1.67621,1.67731,1.05,1.35
2011.09.14 21:43:42.404,1.67617,1.67731,1.35,2.10
2011.09.14 21:43:43.675,1.67621,1.67731,1.05,1.35
2011.09.14 21:43:47.637,1.67617,1.67731,1.35,2.10
2011.09.14 21:43:49.663,1.67621,1.67731,1.05,1.35
2011.09.14 21:43:50.825,1.67617,1.67731,1.35,2.10
2011.09.14 21:43:54.406,1.67621,1.67731,1.05,1.35
2011.09.14 21:43:57.982,1.67621,1.67724,1.05,1.35
2011.09.14 21:43:58.475,1.67616,1.67724,1.73,2.10
2011.09.14 21:44:15.293,1.67607,1.6772,1.13,1.35
2011.09.14 21:44:16.369,1.67607,1.67719,1.13,2.10
2011.09.14 21:44:17.184,1.67607,1.67719,1.13,1.35
2011.09.14 21:44:17.523,1.67618,1.67726,1.50,2.10
2011.09.14 21:44:17.851,1.67623,1.67725,1.13,2.10
2011.09.14 21:44:19.582,1.67612,1.6772,1.13,1.35
2011.09.14 21:44:19.912,1.67612,1.67719,1.13,2.10
2011.09.14 21:44:39.062,1.67609,1.67719,1.13,1.35
2011.09.14 21:44:53.323,1.67609,1.67719,1.43,1.35
2011.09.14 21:44:54.994,1.67609,1.67714,1.43,1.35
2011.09.14 21:45:23.531,1.67609,1.67719,1.43,1.35
2011.09.14 21:45:23.762,1.67609,1.67719,1.43,1.35
2011.09.14 21:45:26.972,1.67609,1.67724,2.18,2.33
2011.09.14 21:45:27.082,1.67623,1.67724,1.13,1.95
2011.09.14 21:45:38.302,1.67613,1.67724,1.13,1.95
2011.09.14 21:45:41.974,1.67622,1.67724,1.13,1.35
2011.09.14 21:45:45.194,1.6762,1.67718,1.43,1.35
2011.09.14 21:45:45.505,1.6762,1.67717,1.43,1.35
2011.09.14 21:45:47.182,1.6762,1.67717,1.05,1.35
2011.09.14 21:45:47.402,1.6762,1.67717,1.05,1.35
2011.09.14 21:45:47.665,1.6762,1.67717,1.05,1.35
2011.09.14 21:46:04.284,1.6762,1.67717,1.05,1.35
2011.09.14 21:46:17.652,1.6762,1.67717,1.05,1.35
2011.09.14 21:46:17.763,1.6762,1.67717,1.05,1.35
2011.09.14 21:46:17.872,1.6762,1.67719,1.05,1.35
2011.09.14 21:46:19.103,1.6762,1.67713,1.05,2.10
2011.09.14 21:46:24.964,1.67619,1.67713,1.05,1.35
2011.09.14 21:46:25.500,1.67607,1.67706,1.05,1.35
2011.09.14 21:46:36.475,1.67607,1.67706,1.05,1.35
2011.09.14 21:46:37.002,1.67607,1.67706,1.05,1.35
2011.09.14 21:46:37.491,1.67607,1.67706,1.05,1.35
2011.09.14 21:46:37.601,1.67607,1.67706,1.05,1.35
2011.09.14 21:46:40.131,1.67607,1.67707,1.05,1.35
2011.09.14 21:46:55.894,1.67607,1.67707,1.05,1.35
2011.09.14 21:47:14.232,1.67607,1.67707,1.05,1.35
2011.09.14 21:47:16.150,1.67607,1.67706,1.05,1.35
2011.09.14 21:47:18.239,1.67607,1.67706,1.05,1.35
2011.09.14 21:47:19.723,1.67607,1.67706,1.05,1.35
2011.09.14 21:47:23.684,1.67607,1.67706,1.05,1.35
2011.09.14 21:47:27.314,1.67595,1.67717,1.13,1.35
2011.09.14 21:47:30.584,1.67602,1.67728,1.13,1.35
2011.09.14 21:47:36.271,1.67602,1.67728,1.13,2.10
2011.09.14 21:47:37.533,1.67593,1.67717,1.13,2.85
2011.09.14 21:47:38.061,1.67597,1.67716,1.13,1.50
2011.09.14 21:47:39.115,1.67593,1.67716,1.13,1.50
2011.09.14 21:47:40.784,1.67603,1.67716,1.13,1.13
2011.09.14 21:47:44.211,1.67646,1.67734,2.85,1.50
2011.09.14 21:47:44.433,1.67656,1.67746,1.13,1.50
2011.09.14 21:47:44.543,1.67657,1.67749,1.05,1.13
2011.09.14 21:47:44.654,1.67663,1.67757,1.13,1.50
2011.09.14 21:47:45.474,1.67658,1.67757,1.05,1.50
2011.09.14 21:47:45.702,1.6763,1.67728,1.13,1.35
2011.09.14 21:47:46.382,1.67618,1.67724,1.05,1.35
2011.09.14 21:47:46.714,1.67604,1.67716,1.13,1.95
2011.09.14 21:47:46.833,1.67603,1.67716,1.13,1.95
2011.09.14 21:47:52.772,1.67627,1.67716,1.13,1.35
2011.09.14 21:47:52.883,1.67627,1.67727,1.13,1.13
2011.09.14 21:47:53.776,1.67627,1.67732,1.13,1.50
2011.09.14 21:47:54.832,1.67627,1.67732,1.13,1.50
2011.09.14 21:47:56.764,1.67645,1.67732,1.13,1.50
2011.09.14 21:47:56.995,1.67645,1.67732,1.13,1.50
2011.09.14 21:47:58.046,1.67645,1.67732,1.13,1.50
2011.09.14 21:48:08.076,1.67645,1.67731,1.13,1.50
2011.09.14 21:48:11.015,1.67648,1.67746,1.13,1.35
2011.09.14 21:48:11.242,1.67677,1.67789,1.05,1.05
2011.09.14 21:48:11.356,1.67663,1.67797,1.95,1.95
2011.09.14 21:48:12.897,1.67677,1.67796,1.05,1.95
2011.09.14 21:48:13.508,1.67691,1.67805,1.05,1.05
2011.09.14 21:48:13.733,1.677,1.67864,1.35,1.35
2011.09.14 21:48:17.365,1.67717,1.67873,1.35,1.35
2011.09.14 21:48:17.481,1.67717,1.67873,1.35,1.35
2011.09.14 21:48:17.703,1.67717,1.67873,1.35,1.05
2011.09.14 21:48:18.033,1.67707,1.67882,1.35,1.05
2011.09.14 21:48:19.129,1.67736,1.67882,1.35,1.05
2011.09.14 21:48:20.360,1.67746,1.67882,1.35,1.05
2011.09.14 21:48:20.779,1.67746,1.67882,1.35,1.05
2011.09.14 21:48:25.875,1.67769,1.67901,1.95,1.05
2011.09.14 21:48:26.216,1.67769,1.67901,1.95,1.05
2011.09.14 21:48:27.283,1.67788,1.67901,1.35,1.05
2011.09.14 21:48:27.392,1.67788,1.67912,1.95,2.10
2011.09.14 21:48:27.503,1.67788,1.67912,1.95,2.10
2011.09.14 21:48:28.252,1.67768,1.67902,1.95,1.05
2011.09.14 21:48:31.041,1.67788,1.67902,1.95,1.05
2011.09.14 21:48:47.451,1.67769,1.67904,1.95,1.05
2011.09.14 21:49:02.874,1.67787,1.67913,1.95,2.10
2011.09.14 21:49:03.853,1.67787,1.67913,1.95,2.10
2011.09.14 21:49:08.108,1.67809,1.67917,1.35,1.05
2011.09.14 21:49:08.223,1.67809,1.67917,1.35,1.05
2011.09.14 21:49:08.332,1.67809,1.67932,1.95,2.10
2011.09.14 21:49:13.672,1.67817,1.67932,1.35,2.10
2011.09.14 21:49:14.884,1.6782,1.67934,1.05,1.05
2011.09.14 21:49:15.955,1.6782,1.67934,1.05,1.05
2011.09.14 21:49:17.813,1.6782,1.67934,1.05,1.05
2011.09.14 21:49:18.033,1.67819,1.67922,1.05,1.35
2011.09.14 21:49:19.805,1.67809,1.67922,1.05,1.35
2011.09.14 21:49:20.368,1.67809,1.67922,1.05,2.10
2011.09.14 21:49:32.635,1.67809,1.67922,1.05,2.10
2011.09.14 21:49:33.905,1.67809,1.67922,1.05,2.10
2011.09.14 21:49:34.674,1.67809,1.67922,1.05,2.10
2011.09.14 21:49:38.683,1.67809,1.67923,2.40,1.05
2011.09.14 21:49:39.842,1.67809,1.67923,2.40,1.05
2011.09.14 21:49:40.282,1.67809,1.67923,2.40,1.05
2011.09.14 21:49:42.423,1.67809,1.67923,1.05,2.40
2011.09.14 21:49:54.683,1.67796,1.67905,1.05,1.35
2011.09.14 21:49:54.815,1.67796,1.67905,1.05,2.10
2011.09.14 21:49:59.803,1.67796,1.67905,1.05,1.35
2011.09.14 21:50:00.819,1.67812,1.67925,2.10,2.40
2011.09.14 21:50:01.806,1.67812,1.67925,2.10,2.40
2011.09.14 21:50:05.703,1.67812,1.67912,1.35,1.05
2011.09.14 21:50:05.922,1.678,1.67904,1.05,2.10
2011.09.14 21:50:06.809,1.678,1.67904,1.05,2.10
2011.09.14 21:50:15.062,1.678,1.67904,1.05,2.10
2011.09.14 21:50:44.694,1.67797,1.6791,1.95,2.10
2011.09.14 21:50:44.803,1.67797,1.6791,1.35,2.10
2011.09.14 21:50:46.436,1.67778,1.67893,2.40,1.35
2011.09.14 21:50:46.998,1.67778,1.67889,1.05,1.35
2011.09.14 21:50:49.395,1.67787,1.67889,1.35,1.35
2011.09.14 21:50:49.514,1.67787,1.67893,1.05,1.05
2011.09.14 21:50:49.632,1.67787,1.67903,1.35,1.05
2011.09.14 21:50:51.434,1.67789,1.67903,1.05,1.05
2011.09.14 21:50:53.093,1.67789,1.67903,1.05,1.05
2011.09.14 21:50:57.583,1.67789,1.67903,1.05,1.05
2011.09.14 21:50:57.702,1.67789,1.67903,1.05,1.05
2011.09.14 21:50:59.964,1.67789,1.67903,1.05,1.05
2011.09.14 21:51:08.124,1.67794,1.67903,2.10,1.05
2011.09.14 21:51:09.783,1.67789,1.67904,1.05,1.35
2011.09.14 21:51:11.053,1.67789,1.67903,1.05,1.05
2011.09.14 21:51:13.013,1.67788,1.67904,1.95,1.35
2011.09.14 21:51:13.232,1.67757,1.67898,1.35,2.10
2011.09.14 21:51:13.456,1.67757,1.67893,1.35,1.35
2011.09.14 21:51:14.998,1.67748,1.67889,1.95,1.05
2011.09.14 21:51:16.413,1.67748,1.67883,1.95,1.35
2011.09.14 21:51:49.534,1.67768,1.67883,1.35,1.35
2011.09.14 21:51:51.623,1.67756,1.67894,1.35,1.35
2011.09.14 21:52:17.233,1.67748,1.67898,2.10,2.10
2011.09.14 21:52:39.883,1.67748,1.67898,2.10,2.10
2011.09.14 21:52:40.855,1.67753,1.67899,2.10,2.10
2011.09.14 21:52:42.446,1.67753,1.67899,2.10,2.10
2011.09.14 21:52:46.203,1.67754,1.67898,2.10,1.35
2011.09.14 21:52:50.913,1.67754,1.67898,2.10,2.10
2011.09.14 21:52:57.573,1.67754,1.67898,1.35,2.10
2011.09.14 21:52:58.704,1.67757,1.67893,1.05,1.05
2011.09.14 21:52:59.034,1.67757,1.67905,1.35,1.05
2011.09.14 21:52:59.254,1.67785,1.67905,1.95,1.05
2011.09.14 21:53:03.175,1.67785,1.67905,1.95,1.05
2011.09.14 21:53:03.729,1.6775,1.67893,1.95,1.35
2011.09.14 21:53:14.245,1.67776,1.679,1.35,1.35
2011.09.14 21:53:15.092,1.67784,1.67904,1.95,1.35
2011.09.14 21:53:15.426,1.6775,1.67894,1.95,1.35
2011.09.14 21:54:14.313,1.67776,1.67904,1.35,1.05
2011.09.14 21:54:14.535,1.67786,1.67908,1.95,1.05
2011.09.14 21:54:15.774,1.67787,1.67908,1.35,1.05
2011.09.14 21:54:15.885,1.67786,1.67904,1.35,1.35
2011.09.14 21:54:16.002,1.67756,1.67904,1.35,1.35
2011.09.14 21:54:16.524,1.67756,1.67904,1.35,1.35
2011.09.14 21:54:16.634,1.67756,1.67904,1.35,1.35
2011.09.14 21:54:17.618,1.67756,1.67904,1.35,1.05
2011.09.14 21:54:17.734,1.67771,1.67904,1.95,1.05
2011.09.14 21:54:18.065,1.67771,1.67903,1.05,1.35
2011.09.14 21:54:18.184,1.67756,1.67904,1.35,1.35
2011.09.14 21:54:21.893,1.67771,1.67903,1.05,1.35
2011.09.14 21:54:36.514,1.67771,1.67898,1.05,1.95
2011.09.14 21:54:36.734,1.67761,1.67894,1.05,1.35
2011.09.14 21:54:37.233,1.67756,1.67894,1.35,1.35
2011.09.14 21:54:42.572,1.67709,1.67851,1.35,0.60
2011.09.14 21:54:47.399,1.67726,1.67884,1.35,1.35
2011.09.14 21:54:47.513,1.67726,1.67884,1.35,1.35
2011.09.14 21:54:54.183,1.67747,1.67894,1.05,1.35
2011.09.14 21:54:58.302,1.67747,1.67893,1.05,1.35
2011.09.14 21:55:05.563,1.67736,1.67893,1.05,1.35
2011.09.14 21:55:09.502,1.67736,1.67883,1.05,1.35
2011.09.14 21:55:13.154,1.67736,1.67884,1.05,1.35
2011.09.14 21:55:15.903,1.67746,1.67884,1.05,1.35
2011.09.14 21:55:24.336,1.67746,1.67884,1.35,1.35
2011.09.14 21:55:43.883,1.67762,1.67894,1.95,1.35
2011.09.14 21:55:43.996,1.67762,1.67905,1.95,1.05
2011.09.14 21:55:45.833,1.67787,1.67905,1.35,1.05
2011.09.14 21:55:47.733,1.67762,1.67905,1.95,1.05
2011.09.14 21:55:47.843,1.67762,1.67894,1.95,1.35
2011.09.14 21:55:55.533,1.67747,1.67885,1.35,1.05
2011.09.14 21:55:57.902,1.67757,1.67893,1.35,1.35
2011.09.14 21:56:18.653,1.67746,1.67885,1.35,1.05
2011.09.14 21:56:19.504,1.67767,1.67896,1.35,1.95
2011.09.14 21:56:46.063,1.67773,1.67896,1.05,1.95
2011.09.14 21:56:48.103,1.67743,1.67896,1.13,1.35
2011.09.14 21:56:49.124,1.67777,1.67896,1.35,1.35
2011.09.14 21:56:49.233,1.67783,1.67906,1.35,1.95
2011.09.14 21:56:50.973,1.67789,1.67903,1.05,1.35
2011.09.14 21:56:51.816,1.67789,1.67903,1.05,1.35
2011.09.14 21:56:59.586,1.67789,1.67914,1.05,1.35
2011.09.14 21:57:08.256,1.67789,1.67917,1.05,1.95
2011.09.14 21:57:10.473,1.67785,1.67917,1.35,1.95
2011.09.14 21:57:10.583,1.67785,1.67949,1.35,1.13
2011.09.14 21:57:10.693,1.67797,1.68006,1.35,1.35
2011.09.14 21:57:10.803,1.67797,1.68006,1.35,1.35
2011.09.14 21:57:25.651,1.67788,1.68022,1.35,1.35
2011.09.14 21:57:25.761,1.67788,1.68022,1.35,1.35
2011.09.14 21:57:29.342,1.67806,1.68014,1.35,1.35
2011.09.14 21:57:29.674,1.67819,1.68014,1.35,1.35
2011.09.14 21:57:37.744,1.67836,1.68014,1.35,1.35
2011.09.14 21:57:37.852,1.67836,1.68014,1.35,1.35
2011.09.14 21:57:42.062,1.67846,1.68024,1.35,1.35
2011.09.14 21:57:42.756,1.67846,1.68024,1.35,1.35
2011.09.14 21:58:11.522,1.67857,1.68013,1.35,1.05
2011.09.14 21:58:11.634,1.67857,1.68017,1.35,1.05
2011.09.14 21:58:11.743,1.67857,1.6803,1.35,1.05
2011.09.14 21:58:12.075,1.67876,1.6803,1.35,1.05
2011.09.14 21:58:13.787,1.67916,1.6803,1.05,1.05
2011.09.14 21:58:23.185,1.67907,1.6803,1.35,1.05
2011.09.14 21:58:27.268,1.67916,1.6803,1.05,1.05
2011.09.14 21:58:32.503,1.67916,1.6803,1.80,1.05
2011.09.14 21:58:32.833,1.67921,1.68042,1.35,1.05
2011.09.14 21:58:33.193,1.67938,1.68042,1.05,1.05
2011.09.14 21:58:33.312,1.67943,1.68048,1.13,1.13
2011.09.14 21:58:33.424,1.67943,1.68052,1.13,1.05
2011.09.14 21:58:34.713,1.67947,1.68053,1.13,1.05
2011.09.14 21:58:36.164,1.67947,1.68054,1.13,1.35
2011.09.14 21:58:39.415,1.67947,1.68063,1.13,1.35
2011.09.14 21:58:43.204,1.68039,1.68156,1.35,0.60
2011.09.14 21:58:43.311,1.68007,1.68171,1.35,1.35
2011.09.14 21:58:43.420,1.68007,1.68186,1.35,1.05
2011.09.14 21:58:43.531,1.68032,1.68186,1.35,1.05
2011.09.14 21:58:44.031,1.68059,1.6819,2.10,1.35
2011.09.14 21:58:44.543,1.68059,1.68189,2.10,1.35
2011.09.14 21:58:45.786,1.68067,1.68184,1.05,1.13
2011.09.14 21:58:47.742,1.68072,1.68186,1.05,1.05
2011.09.14 21:58:52.422,1.68072,1.68174,1.05,1.50
2011.09.14 21:58:52.533,1.68064,1.68144,1.50,1.05
2011.09.14 21:58:52.756,1.68049,1.68137,1.13,1.50
2011.09.14 21:58:52.996,1.68028,1.68114,1.05,1.05
2011.09.14 21:58:53.114,1.67997,1.68114,1.50,1.35
2011.09.14 21:58:53.226,1.67994,1.68115,1.35,1.35
2011.09.14 21:58:54.013,1.67992,1.68117,1.35,1.05
2011.09.14 21:58:54.123,1.67992,1.68135,1.35,1.13
2011.09.14 21:58:54.233,1.67991,1.68162,1.35,1.35
2011.09.14 21:58:56.418,1.68012,1.68152,1.35,1.05
2011.09.14 21:58:56.644,1.67987,1.68095,1.13,1.35
2011.09.14 21:58:56.755,1.67987,1.68095,1.13,1.35
2011.09.14 21:58:57.165,1.67987,1.68095,1.13,1.35
2011.09.14 21:58:57.274,1.68002,1.68129,1.35,1.13
2011.09.14 21:58:57.385,1.68002,1.68152,1.35,1.05
2011.09.14 21:58:57.603,1.68007,1.68162,1.35,1.35
2011.09.14 21:58:59.153,1.68017,1.68172,1.05,1.35
2011.09.14 21:58:59.485,1.68059,1.68183,1.05,1.05
2011.09.14 21:58:59.605,1.68058,1.68183,1.35,1.35
2011.09.14 21:58:59.725,1.68021,1.68182,1.05,1.95
2011.09.14 21:59:01.017,1.68021,1.68153,0.30,0.30
2011.09.14 21:59:03.666,1.68026,1.68153,0.38,0.30
2011.09.14 21:59:04.005,1.68062,1.68164,0.30,0.75
2011.09.14 21:59:04.410,1.68064,1.68164,1.06,0.75
2011.09.14 21:59:04.526,1.68071,1.68173,0.30,0.75
2011.09.14 21:59:04.756,1.68071,1.68184,0.30,0.75
2011.09.14 21:59:04.874,1.68069,1.68154,0.38,0.30
2011.09.14 21:59:04.984,1.68025,1.68155,0.38,0.30
2011.09.14 21:59:05.092,1.6799,1.68155,0.38,0.30
2011.09.14 21:59:05.267,1.67984,1.68155,0.30,0.30
2011.09.14 21:59:06.610,1.6807,1.68155,0.38,0.30
2011.09.14 21:59:06.994,1.68074,1.68174,0.30,0.75
2011.09.14 21:59:07.106,1.68074,1.68164,0.30,0.75
2011.09.14 21:59:07.239,1.68074,1.68173,0.30,0.75
2011.09.14 21:59:08.830,1.68074,1.68164,0.30,0.75
2011.09.14 21:59:09.295,1.68063,1.68155,0.75,0.30
2011.09.14 21:59:09.416,1.6801,1.68155,0.38,0.30
2011.09.14 21:59:09.864,1.67984,1.68155,0.30,0.30
2011.09.14 21:59:10.655,1.67986,1.68155,0.75,0.30
2011.09.14 21:59:11.119,1.67986,1.68152,0.75,0.38
2011.09.14 21:59:11.455,1.67987,1.68095,0.75,0.30
2011.09.14 21:59:11.676,1.67981,1.68095,0.30,0.30
2011.09.14 21:59:12.254,1.67986,1.68095,0.75,0.30
2011.09.14 21:59:13.726,1.67986,1.68076,0.75,0.30
2011.09.14 21:59:15.468,1.68058,1.68076,0.38,0.30
2011.09.14 21:59:15.585,1.68058,1.68078,0.38,0.30
2011.09.14 21:59:15.707,1.6807,1.68147,0.38,0.75
2011.09.14 21:59:16.044,1.6807,1.68154,0.38,0.75
2011.09.14 21:59:16.176,1.6807,1.68174,0.38,0.75
2011.09.14 21:59:17.826,1.6807,1.68163,0.38,0.75
2011.09.14 21:59:17.948,1.68067,1.68174,0.30,0.75
2011.09.14 21:59:18.380,1.68064,1.68158,0.75,0.30
2011.09.14 21:59:18.495,1.67986,1.68158,0.75,0.30
2011.09.14 21:59:19.406,1.67986,1.68086,0.75,0.30
2011.09.14 21:59:20.079,1.67997,1.68106,0.75,0.30
2011.09.14 21:59:20.306,1.67994,1.68106,0.30,0.30
2011.09.14 21:59:20.695,1.67996,1.68106,0.75,0.30
2011.09.14 21:59:20.924,1.68007,1.68143,0.38,0.38
2011.09.14 21:59:21.040,1.68045,1.68157,0.30,0.30
2011.09.14 21:59:23.156,1.68042,1.68105,0.30,0.30
2011.09.14 21:59:23.496,1.68017,1.68088,0.75,0.38
2011.09.14 21:59:25.178,1.68017,1.68094,0.75,0.30
2011.09.14 21:59:25.307,1.68013,1.68102,0.30,1.35
2011.09.14 21:59:25.428,1.68043,1.68127,0.30,0.38
2011.09.14 21:59:25.654,1.68043,1.68157,0.30,0.30
2011.09.14 21:59:26.904,1.68067,1.68157,0.38,0.30
2011.09.14 21:59:27.234,1.68075,1.68154,0.30,0.75
2011.09.14 21:59:27.766,1.68064,1.68162,0.75,0.30
2011.09.14 21:59:27.994,1.68048,1.68162,0.30,0.30
2011.09.14 21:59:28.607,1.68048,1.68153,0.30,0.75
2011.09.14 21:59:29.028,1.68025,1.68143,0.30,0.75
2011.09.14 21:59:31.612,1.68066,1.68143,0.30,0.75
2011.09.14 21:59:32.788,1.68066,1.68144,0.30,0.75
2011.09.14 21:59:33.636,1.68067,1.68144,0.38,0.75
2011.09.14 21:59:33.754,1.68067,1.68153,0.38,0.75
2011.09.14 21:59:34.767,1.68067,1.68144,0.38,0.75
2011.09.14 21:59:35.265,1.68067,1.68163,1.13,0.75
2011.09.14 21:59:35.749,1.68077,1.68163,0.75,0.75
2011.09.14 21:59:36.417,1.68067,1.68173,0.38,0.75
2011.09.14 21:59:36.645,1.68066,1.68159,0.30,0.30
2011.09.14 21:59:36.765,1.68043,1.68157,0.30,0.30
2011.09.14 21:59:39.007,1.68036,1.6814,0.75,0.30
2011.09.14 21:59:39.344,1.68037,1.68128,0.75,0.38
2011.09.14 21:59:39.747,1.68037,1.68126,0.75,0.30
2011.09.14 21:59:40.894,1.68056,1.68126,0.38,0.30
2011.09.14 21:59:41.116,1.68056,1.68137,0.38,0.75
2011.09.14 21:59:41.235,1.68068,1.68144,0.38,0.75
2011.09.14 21:59:42.065,1.68043,1.68155,0.30,0.30
2011.09.14 21:59:43.754,1.68043,1.68109,0.30,0.38
2011.09.14 21:59:43.864,1.68036,1.68109,0.75,0.38
2011.09.14 21:59:43.975,1.68026,1.68109,0.75,0.38
2011.09.14 21:59:44.595,1.68026,1.68108,0.75,0.38
2011.09.14 21:59:45.116,1.68026,1.68113,0.75,1.35
2011.09.14 21:59:45.236,1.68017,1.68116,0.75,0.30
2011.09.14 21:59:45.355,1.68018,1.68132,0.30,0.30
2011.09.14 21:59:45.478,1.68044,1.68158,0.30,0.30
2011.09.14 21:59:47.244,1.68074,1.68158,0.30,0.30
2011.09.14 21:59:47.354,1.68076,1.68174,0.30,0.75
2011.09.14 21:59:48.826,1.68076,1.68173,0.30,0.75
2011.09.14 21:59:49.736,1.68049,1.68161,0.30,0.30
2011.09.14 21:59:58.025,1.68049,1.68158,0.30,0.30
2011.09.14 21:59:58.136,1.68038,1.68156,0.30,0.30
2011.09.14 21:59:58.365,1.68038,1.68153,0.30,0.75
2011.09.14 21:59:58.688,1.68021,1.68122,0.30,0.38
2011.09.14 21:59:59.025,1.68017,1.68093,0.75,0.30
2011.09.14 21:59:59.937,1.67997,1.68093,0.75,0.30
