2012.10.01 02:00:00.592,1.5478,1.54808,1.50,1.50
2012.10.01 02:00:00.961,1.54775,1.54803,1.50,1.50
2012.10.01 02:00:01.140,1.54777,1.54809,1.50,2.63
2012.10.01 02:00:01.214,1.5478,1.54809,1.50,1.88
2012.10.01 02:00:05.280,1.54781,1.54809,1.50,1.50
2012.10.01 02:00:05.551,1.5478,1.54809,1.50,1.50
2012.10.01 02:00:05.845,1.54771,1.54803,1.50,1.50
2012.10.01 02:00:06.614,1.54767,1.548,1.50,1.50
2012.10.01 02:00:06.994,1.54765,1.54793,1.73,1.50
2012.10.01 02:00:07.390,1.54765,1.54793,1.73,1.50
2012.10.01 02:00:07.571,1.54772,1.548,1.73,1.50
2012.10.01 02:00:07.630,1.54772,1.54802,1.73,1.50
2012.10.01 02:00:15.017,1.5477,1.54802,1.73,1.50
2012.10.01 02:00:17.001,1.54771,1.54801,1.73,1.50
2012.10.01 02:00:28.710,1.54771,1.54801,2.10,1.50
2012.10.01 02:00:28.892,1.54771,1.54801,2.10,1.50
2012.10.01 02:00:35.140,1.54776,1.54809,1.73,2.25
2012.10.01 02:00:35.200,1.54776,1.54809,1.73,1.50
2012.10.01 02:00:38.731,1.54776,1.54809,2.10,1.50
2012.10.01 02:00:38.910,1.54776,1.5481,2.10,1.50
2012.10.01 02:00:39.933,1.54776,1.54809,2.10,1.50
2012.10.01 02:00:40.160,1.54775,1.54804,1.50,1.50
2012.10.01 02:00:40.340,1.54766,1.54801,1.50,2.25
2012.10.01 02:00:50.782,1.54764,1.54798,1.50,1.50
2012.10.01 02:00:50.840,1.54764,1.54798,1.50,1.50
2012.10.01 02:00:51.091,1.54758,1.54793,1.50,1.50
2012.10.01 02:01:11.087,1.54755,1.54792,1.50,2.25
2012.10.01 02:01:11.150,1.54755,1.5479,1.50,1.50
2012.10.01 02:01:31.102,1.54756,1.5479,1.50,1.50
2012.10.01 02:01:42.155,1.54763,1.54797,1.50,1.50
2012.10.01 02:01:42.341,1.5477,1.54807,1.50,1.50
2012.10.01 02:01:42.401,1.54779,1.54812,1.50,1.50
2012.10.01 02:01:42.460,1.54779,1.54813,1.50,1.50
2012.10.01 02:01:46.201,1.54776,1.54812,1.73,1.50
2012.10.01 02:01:46.388,1.54773,1.54806,2.10,1.50
2012.10.01 02:01:47.072,1.54773,1.54806,1.35,1.50
2012.10.01 02:01:47.692,1.54769,1.54806,1.50,1.50
2012.10.01 02:02:06.204,1.54767,1.54803,1.50,1.50
2012.10.01 02:02:06.261,1.54766,1.54801,1.50,1.50
2012.10.01 02:02:09.455,1.54766,1.54799,1.50,1.50
2012.10.01 02:02:09.581,1.54758,1.54793,1.50,1.50
2012.10.01 02:02:09.861,1.54759,1.54793,1.50,1.50
2012.10.01 02:02:21.931,1.54758,1.54793,1.50,1.50
2012.10.01 02:02:22.431,1.54756,1.54792,1.73,1.50
2012.10.01 02:02:22.742,1.54752,1.54786,1.35,1.50
2012.10.01 02:02:24.720,1.54752,1.54786,1.35,1.50
2012.10.01 02:02:24.780,1.54759,1.54792,1.73,1.50
2012.10.01 02:02:25.303,1.54759,1.54792,1.73,1.50
2012.10.01 02:02:25.760,1.54757,1.54792,2.48,1.50
2012.10.01 02:02:30.701,1.54759,1.54792,1.73,1.50
2012.10.01 02:02:33.382,1.54757,1.54792,1.50,1.50
2012.10.01 02:02:33.906,1.54749,1.54786,1.73,1.50
2012.10.01 02:02:38.724,1.54752,1.54786,1.73,1.50
2012.10.01 02:02:43.933,1.54758,1.54793,1.73,1.50
2012.10.01 02:02:58.951,1.54757,1.54793,1.73,2.25
2012.10.01 02:02:59.620,1.54758,1.54793,1.73,1.50
2012.10.01 02:03:06.442,1.54761,1.54793,1.13,1.50
2012.10.01 02:03:06.561,1.54766,1.54797,1.50,1.50
2012.10.01 02:03:06.621,1.54766,1.548,1.50,2.25
2012.10.01 02:03:06.882,1.54763,1.54797,1.50,1.50
2012.10.01 02:03:07.011,1.54756,1.5479,2.48,1.50
2012.10.01 02:03:07.472,1.54761,1.5479,1.13,1.50
2012.10.01 02:03:08.062,1.54767,1.54802,1.50,1.50
2012.10.01 02:03:08.241,1.54767,1.54802,1.50,1.50
2012.10.01 02:03:08.301,1.54767,1.548,1.50,1.50
2012.10.01 02:03:08.623,1.54767,1.54801,1.73,1.50
2012.10.01 02:03:08.681,1.54767,1.54801,1.50,1.50
2012.10.01 02:03:08.800,1.54761,1.54795,1.13,1.50
2012.10.01 02:03:14.511,1.54769,1.54804,1.50,1.50
2012.10.01 02:03:47.100,1.5477,1.54804,1.35,1.50
2012.10.01 02:03:48.820,1.5477,1.54804,1.13,1.50
2012.10.01 02:03:49.123,1.5477,1.54796,1.13,1.50
2012.10.01 02:03:49.430,1.54753,1.54786,2.48,1.50
2012.10.01 02:04:05.370,1.54757,1.54786,1.73,1.50
2012.10.01 02:04:05.551,1.54773,1.54802,1.13,1.50
2012.10.01 02:04:05.612,1.54773,1.54792,1.13,1.50
2012.10.01 02:04:05.911,1.54759,1.54792,1.73,1.50
2012.10.01 02:04:06.224,1.54759,1.5479,1.73,1.50
2012.10.01 02:04:06.412,1.54754,1.54786,1.35,1.50
2012.10.01 02:04:06.531,1.54754,1.54786,1.13,1.50
2012.10.01 02:04:07.920,1.54754,1.54786,1.13,1.50
2012.10.01 02:04:08.041,1.54758,1.54792,1.50,1.50
2012.10.01 02:04:08.170,1.54758,1.54792,1.73,1.50
2012.10.01 02:04:11.660,1.54767,1.54801,1.73,1.50
2012.10.01 02:04:13.677,1.54776,1.5481,1.73,1.50
2012.10.01 02:04:13.860,1.54777,1.5481,1.73,1.50
2012.10.01 02:04:13.921,1.5478,1.54814,2.25,1.50
2012.10.01 02:04:13.981,1.54783,1.54817,1.50,1.50
2012.10.01 02:04:14.161,1.54788,1.54825,1.50,1.50
2012.10.01 02:04:15.970,1.5479,1.54825,1.50,1.50
2012.10.01 02:04:16.032,1.54797,1.54832,2.48,1.50
2012.10.01 02:04:18.251,1.548,1.54834,1.88,1.50
2012.10.01 02:04:18.431,1.54806,1.54839,1.73,1.50
2012.10.01 02:04:18.491,1.54805,1.54835,1.73,1.50
2012.10.01 02:04:18.721,1.54806,1.54842,1.50,2.48
2012.10.01 02:04:23.311,1.54808,1.54842,1.50,1.50
2012.10.01 02:04:23.371,1.54806,1.54842,1.73,1.50
2012.10.01 02:04:23.432,1.54808,1.54842,1.50,1.50
2012.10.01 02:04:23.879,1.54808,1.54842,1.13,1.50
2012.10.01 02:04:29.261,1.54813,1.54844,1.50,1.50
2012.10.01 02:04:29.321,1.54814,1.54848,1.50,2.25
2012.10.01 02:04:29.382,1.54817,1.54848,1.50,1.50
2012.10.01 02:04:29.700,1.54817,1.54851,2.25,1.50
2012.10.01 02:04:29.821,1.54832,1.54863,1.73,1.50
2012.10.01 02:04:29.881,1.54832,1.54866,1.73,1.50
2012.10.01 02:04:29.941,1.54829,1.54863,1.73,1.50
2012.10.01 02:04:30.061,1.54829,1.54863,1.50,1.50
2012.10.01 02:04:34.637,1.54824,1.54858,1.50,1.50
2012.10.01 02:04:54.504,1.54823,1.54857,1.50,1.50
2012.10.01 02:04:57.093,1.54846,1.54857,1.65,1.50
2012.10.01 02:05:05.455,1.54844,1.54859,2.40,1.50
2012.10.01 02:05:06.317,1.54827,1.54857,1.50,1.50
2012.10.01 02:05:06.440,1.54823,1.54854,1.50,1.35
2012.10.01 02:05:06.793,1.54819,1.54848,1.95,1.50
2012.10.01 02:05:07.083,1.54816,1.54848,1.50,1.50
2012.10.01 02:05:07.141,1.54837,1.54848,1.13,1.50
2012.10.01 02:05:08.517,1.54836,1.54852,2.70,1.65
2012.10.01 02:05:09.836,1.54826,1.54848,2.85,1.50
2012.10.01 02:05:10.020,1.54836,1.54852,1.50,1.05
2012.10.01 02:05:10.080,1.54836,1.54862,1.50,1.65
2012.10.01 02:05:10.141,1.54836,1.54862,1.50,1.50
2012.10.01 02:05:10.201,1.54836,1.54862,1.50,1.50
2012.10.01 02:05:11.567,1.54849,1.54864,2.55,1.50
2012.10.01 02:05:12.071,1.54848,1.54863,2.03,1.50
2012.10.01 02:05:12.311,1.54848,1.5487,2.03,2.10
2012.10.01 02:05:12.490,1.54836,1.5487,1.73,2.10
2012.10.01 02:05:15.220,1.54836,1.5487,1.73,1.50
2012.10.01 02:05:17.391,1.5485,1.5487,2.55,1.50
2012.10.01 02:05:20.913,1.54836,1.5487,1.73,1.50
2012.10.01 02:05:22.343,1.54852,1.5487,2.70,1.50
2012.10.01 02:05:23.139,1.54837,1.5487,1.73,1.50
2012.10.01 02:05:23.282,1.54842,1.54875,1.50,1.50
2012.10.01 02:05:23.461,1.54842,1.54875,1.50,1.50
2012.10.01 02:05:23.521,1.54842,1.54873,1.50,1.35
2012.10.01 02:05:23.581,1.5484,1.54868,1.50,1.35
2012.10.01 02:05:23.863,1.54837,1.54868,2.93,1.50
2012.10.01 02:05:27.106,1.54851,1.54868,1.73,1.50
2012.10.01 02:05:27.527,1.54837,1.54868,1.73,1.50
2012.10.01 02:05:27.890,1.54837,1.54868,1.73,1.50
2012.10.01 02:05:28.081,1.54837,1.54868,1.50,1.50
2012.10.01 02:05:28.202,1.54837,1.54868,1.73,1.50
2012.10.01 02:05:31.817,1.54834,1.54868,1.73,1.50
2012.10.01 02:05:32.303,1.5483,1.54859,2.31,1.50
2012.10.01 02:05:32.374,1.5483,1.54859,1.50,1.50
2012.10.01 02:05:33.614,1.54837,1.54865,1.50,1.50
2012.10.01 02:05:33.671,1.54838,1.54867,1.50,1.50
2012.10.01 02:05:33.731,1.54842,1.54867,1.50,1.50
2012.10.01 02:05:37.100,1.54856,1.54884,2.93,1.50
2012.10.01 02:05:44.622,1.54856,1.54884,2.93,1.88
2012.10.01 02:05:44.801,1.54838,1.54877,1.73,1.05
2012.10.01 02:05:44.921,1.54836,1.54859,1.73,1.50
2012.10.01 02:05:45.041,1.54836,1.54859,1.50,1.50
2012.10.01 02:05:45.187,1.54836,1.54859,1.50,1.50
2012.10.01 02:05:45.521,1.54837,1.54866,1.73,1.50
2012.10.01 02:05:46.031,1.54837,1.54865,1.73,1.50
2012.10.01 02:05:46.151,1.54836,1.54865,1.50,1.50
2012.10.01 02:05:46.212,1.54827,1.54855,1.73,1.50
2012.10.01 02:05:46.741,1.54827,1.54855,1.50,1.50
2012.10.01 02:05:47.080,1.54835,1.54855,2.18,1.50
2012.10.01 02:05:53.772,1.54825,1.54855,1.50,1.50
2012.10.01 02:05:53.832,1.54826,1.54857,1.50,1.50
2012.10.01 02:05:54.666,1.54827,1.54857,1.50,1.50
2012.10.01 02:05:57.050,1.54836,1.54857,1.95,1.50
2012.10.01 02:06:07.043,1.54827,1.54857,2.25,1.50
2012.10.01 02:06:07.100,1.54836,1.54857,1.95,1.50
2012.10.01 02:06:17.052,1.54827,1.54857,2.25,1.50
2012.10.01 02:06:17.111,1.54836,1.54857,2.70,1.50
2012.10.01 02:06:26.310,1.54836,1.54862,2.70,1.80
2012.10.01 02:06:27.003,1.54829,1.54862,1.50,1.80
2012.10.01 02:06:27.061,1.54836,1.54862,2.48,1.80
2012.10.01 02:06:37.041,1.54838,1.54862,2.70,1.80
2012.10.01 02:06:39.996,1.54831,1.54862,1.50,1.80
2012.10.01 02:06:45.494,1.54828,1.5486,1.50,1.50
2012.10.01 02:06:45.573,1.54826,1.54855,1.50,1.50
2012.10.01 02:06:47.007,1.54838,1.54855,1.65,1.50
2012.10.01 02:06:54.939,1.54838,1.54863,1.65,1.50
2012.10.01 02:06:56.885,1.5483,1.54863,1.50,1.50
2012.10.01 02:06:57.021,1.54835,1.54863,2.85,1.50
2012.10.01 02:07:06.971,1.5483,1.54863,1.50,1.50
2012.10.01 02:07:07.030,1.54834,1.54863,2.63,1.50
2012.10.01 02:07:14.675,1.5483,1.54863,1.50,1.50
2012.10.01 02:07:15.138,1.5483,1.54859,1.50,1.50
2012.10.01 02:07:17.101,1.5483,1.54859,1.50,1.50
2012.10.01 02:07:21.971,1.5483,1.54857,1.50,1.50
2012.10.01 02:07:26.894,1.5483,1.54857,1.50,1.50
2012.10.01 02:07:27.080,1.5483,1.54857,2.55,1.50
2012.10.01 02:07:37.030,1.54828,1.54855,1.50,1.50
2012.10.01 02:07:37.096,1.5483,1.54855,1.50,1.50
2012.10.01 02:07:46.967,1.54828,1.54855,1.50,1.50
2012.10.01 02:07:47.187,1.54829,1.54855,2.25,1.50
2012.10.01 02:07:56.000,1.54828,1.54855,1.50,1.50
2012.10.01 02:07:57.115,1.54829,1.54855,2.48,1.50
2012.10.01 02:07:58.691,1.54828,1.54855,1.50,1.50
2012.10.01 02:08:04.730,1.54826,1.54855,2.25,1.50
2012.10.01 02:08:04.910,1.54826,1.54861,3.00,1.05
2012.10.01 02:08:04.971,1.54835,1.54864,1.50,1.05
2012.10.01 02:08:05.031,1.54835,1.54865,1.50,1.50
2012.10.01 02:08:05.211,1.54835,1.54865,1.50,1.73
2012.10.01 02:08:05.461,1.54835,1.54865,1.50,1.73
2012.10.01 02:08:19.211,1.54837,1.54872,1.50,1.65
2012.10.01 02:08:19.271,1.54844,1.54873,1.50,1.65
2012.10.01 02:08:19.450,1.54846,1.54874,1.73,1.65
2012.10.01 02:08:19.916,1.54844,1.54874,1.50,2.40
2012.10.01 02:08:27.042,1.54846,1.54874,1.50,2.25
2012.10.01 02:08:37.047,1.54844,1.54867,1.50,1.58
2012.10.01 02:08:47.048,1.54844,1.54872,1.50,1.50
2012.10.01 02:08:47.173,1.54844,1.54868,1.50,1.58
2012.10.01 02:08:52.152,1.5485,1.5488,1.50,2.85
2012.10.01 02:08:55.211,1.54852,1.5488,1.50,2.85
2012.10.01 02:08:55.403,1.54852,1.5488,1.50,1.50
2012.10.01 02:08:57.155,1.54852,1.54876,1.50,1.95
2012.10.01 02:08:59.123,1.5485,1.54876,1.50,1.95
2012.10.01 02:08:59.181,1.5485,1.54879,1.50,2.18
2012.10.01 02:09:02.922,1.5485,1.54873,1.50,2.33
2012.10.01 02:09:03.102,1.5485,1.54878,1.50,2.63
2012.10.01 02:09:03.414,1.5485,1.5488,1.50,1.50
2012.10.01 02:09:07.083,1.5485,1.54873,1.50,2.33
2012.10.01 02:09:11.993,1.54853,1.54873,1.50,2.33
2012.10.01 02:09:16.876,1.54853,1.5488,1.50,2.93
2012.10.01 02:09:17.183,1.54853,1.54872,1.50,2.63
2012.10.01 02:09:26.892,1.54853,1.5488,1.50,1.80
2012.10.01 02:09:27.222,1.54853,1.54872,1.50,1.88
2012.10.01 02:09:30.583,1.54853,1.54881,1.50,1.50
2012.10.01 02:09:36.853,1.54853,1.54881,1.50,1.50
2012.10.01 02:09:37.094,1.54853,1.54875,1.50,2.85
2012.10.01 02:09:40.044,1.54853,1.54879,1.50,1.88
2012.10.01 02:09:40.292,1.54845,1.54874,1.73,1.50
2012.10.01 02:09:47.045,1.54845,1.54874,1.50,1.50
2012.10.01 02:09:47.101,1.54845,1.54867,1.50,2.63
2012.10.01 02:09:56.971,1.54845,1.54874,1.50,1.50
2012.10.01 02:09:57.069,1.54845,1.54867,1.50,2.03
2012.10.01 02:10:06.981,1.54845,1.54874,1.50,1.50
2012.10.01 02:10:07.070,1.54845,1.54867,1.50,1.95
2012.10.01 02:10:16.842,1.54845,1.54874,1.50,1.50
2012.10.01 02:10:17.164,1.54845,1.54867,1.50,2.93
2012.10.01 02:10:20.261,1.54841,1.54867,1.50,2.93
2012.10.01 02:10:26.856,1.54841,1.54871,1.50,1.50
2012.10.01 02:10:27.190,1.54841,1.54868,1.50,1.73
2012.10.01 02:10:36.861,1.54841,1.54871,1.50,1.50
2012.10.01 02:10:37.183,1.54841,1.54867,1.50,2.40
2012.10.01 02:10:46.874,1.54841,1.54871,1.50,1.50
2012.10.01 02:10:47.061,1.54841,1.54868,1.50,1.80
2012.10.01 02:10:56.911,1.54841,1.54871,1.50,1.50
2012.10.01 02:10:57.095,1.54841,1.54867,1.50,1.88
2012.10.01 02:10:59.041,1.54841,1.54871,1.50,1.50
2012.10.01 02:10:59.573,1.54841,1.54871,1.50,1.50
2012.10.01 02:11:00.342,1.54843,1.54871,1.50,1.50
2012.10.01 02:11:00.959,1.54845,1.54874,1.50,2.93
2012.10.01 02:11:07.048,1.54845,1.54874,1.50,1.50
2012.10.01 02:11:07.458,1.54845,1.54867,1.50,2.55
2012.10.01 02:11:17.122,1.54845,1.54874,1.50,1.50
2012.10.01 02:11:17.241,1.54845,1.54868,1.50,2.55
2012.10.01 02:11:20.386,1.54843,1.54868,2.25,2.55
2012.10.01 02:11:26.861,1.54843,1.54873,2.25,1.50
2012.10.01 02:11:27.132,1.54843,1.54868,2.25,2.03
2012.10.01 02:11:28.394,1.54843,1.54873,2.25,1.50
2012.10.01 02:11:29.778,1.54843,1.54873,2.25,1.50
2012.10.01 02:11:37.083,1.54843,1.54868,2.25,2.63
2012.10.01 02:11:37.681,1.54844,1.54868,1.50,2.63
2012.10.01 02:11:37.742,1.54851,1.54878,1.50,2.18
2012.10.01 02:11:37.862,1.54854,1.5488,1.50,1.65
2012.10.01 02:11:39.503,1.54854,1.5488,1.50,1.50
2012.10.01 02:11:39.802,1.54846,1.54874,1.73,1.50
2012.10.01 02:11:39.921,1.54846,1.54874,1.73,1.50
2012.10.01 02:11:39.983,1.54846,1.54872,1.73,1.50
2012.10.01 02:11:40.530,1.54846,1.54872,1.50,1.50
2012.10.01 02:11:40.842,1.54846,1.54872,1.50,1.50
2012.10.01 02:11:42.391,1.54846,1.54872,1.50,1.50
2012.10.01 02:11:43.224,1.54846,1.54872,1.50,1.50
2012.10.01 02:11:44.482,1.54846,1.5487,1.50,2.25
2012.10.01 02:11:44.938,1.54846,1.54872,1.50,1.50
2012.10.01 02:11:47.331,1.54846,1.54867,1.50,2.70
2012.10.01 02:11:49.163,1.54846,1.54871,1.50,2.25
2012.10.01 02:11:54.455,1.54846,1.54872,1.50,3.60
2012.10.01 02:11:57.038,1.54846,1.54867,1.50,2.33
2012.10.01 02:12:06.976,1.54846,1.54872,1.50,1.50
2012.10.01 02:12:36.921,1.54846,1.54874,1.50,1.50
2012.10.01 02:12:37.052,1.54846,1.54874,1.50,1.50
2012.10.01 02:12:40.035,1.54841,1.54871,1.73,1.50
2012.10.01 02:12:50.544,1.54841,1.54872,1.73,1.50
2012.10.01 02:12:57.913,1.54841,1.54871,1.50,1.50
2012.10.01 02:12:57.989,1.54848,1.54877,1.50,1.50
2012.10.01 02:12:58.942,1.54848,1.5488,1.73,1.65
2012.10.01 02:12:59.002,1.54851,1.5488,1.50,1.65
2012.10.01 02:12:59.265,1.54857,1.54882,1.50,1.65
2012.10.01 02:12:59.643,1.54857,1.54886,1.73,1.65
2012.10.01 02:12:59.762,1.54857,1.54886,1.73,1.50
2012.10.01 02:13:00.268,1.54857,1.54886,1.73,1.50
2012.10.01 02:13:03.584,1.54857,1.54885,1.73,1.50
2012.10.01 02:13:03.641,1.54857,1.54885,1.73,1.50
2012.10.01 02:13:03.832,1.54857,1.54886,1.50,1.50
2012.10.01 02:13:18.919,1.54857,1.54886,1.50,1.50
2012.10.01 02:13:33.542,1.54852,1.54881,1.73,1.50
2012.10.01 02:13:35.002,1.54857,1.54887,1.50,1.50
2012.10.01 02:13:36.352,1.54857,1.54889,1.73,1.50
2012.10.01 02:13:36.431,1.54857,1.54886,1.50,1.50
2012.10.01 02:13:36.733,1.54851,1.54881,1.50,1.50
2012.10.01 02:13:39.474,1.54852,1.54881,1.50,1.50
2012.10.01 02:13:40.488,1.54857,1.54887,2.48,1.50
2012.10.01 02:13:41.174,1.54857,1.54888,2.48,1.50
2012.10.01 02:13:49.023,1.54857,1.54887,2.48,1.50
2012.10.01 02:13:49.432,1.54857,1.54887,2.48,1.50
2012.10.01 02:13:52.774,1.54857,1.54887,2.48,1.50
2012.10.01 02:13:54.982,1.54857,1.54889,2.48,2.25
2012.10.01 02:13:55.213,1.54857,1.54887,2.48,1.50
2012.10.01 02:13:55.572,1.54853,1.54883,1.73,1.50
2012.10.01 02:14:02.321,1.54857,1.54888,2.25,1.50
2012.10.01 02:14:02.882,1.5486,1.54889,1.73,1.50
2012.10.01 02:14:06.062,1.54867,1.54896,1.50,1.50
2012.10.01 02:14:22.462,1.5486,1.54887,1.35,1.50
2012.10.01 02:14:22.912,1.54859,1.54887,1.35,1.50
2012.10.01 02:14:25.754,1.54857,1.54887,2.48,1.50
2012.10.01 02:14:26.880,1.54857,1.54885,2.48,1.50
2012.10.01 02:14:30.593,1.54857,1.54884,1.73,1.50
2012.10.01 02:14:30.652,1.54848,1.54876,1.73,1.50
2012.10.01 02:14:30.713,1.54848,1.54876,1.73,2.25
2012.10.01 02:14:30.892,1.5484,1.5487,1.73,2.25
2012.10.01 02:14:32.953,1.54842,1.5487,1.50,2.25
2012.10.01 02:14:33.013,1.54849,1.54879,1.73,1.50
2012.10.01 02:14:44.945,1.54849,1.54879,1.73,1.50
2012.10.01 02:14:47.143,1.54849,1.54881,1.73,2.25
2012.10.01 02:14:49.282,1.54851,1.54881,1.50,2.25
2012.10.01 02:14:53.141,1.54852,1.54881,1.50,1.50
2012.10.01 02:15:06.951,1.54852,1.5488,1.50,1.50
2012.10.01 02:15:07.695,1.5485,1.5488,1.73,1.50
2012.10.01 02:15:13.011,1.54848,1.54878,1.73,1.50
2012.10.01 02:15:30.658,1.54848,1.54877,1.73,1.50
2012.10.01 02:15:31.492,1.54848,1.54877,1.73,1.50
2012.10.01 02:15:31.554,1.54851,1.54877,1.50,1.50
2012.10.01 02:15:32.148,1.54851,1.54878,1.73,1.50
2012.10.01 02:15:33.034,1.54851,1.54879,1.73,1.50
2012.10.01 02:15:46.161,1.54851,1.5488,1.73,1.50
2012.10.01 02:15:46.472,1.54859,1.54885,2.10,1.50
2012.10.01 02:15:47.072,1.54859,1.54886,2.10,1.50
2012.10.01 02:15:47.632,1.54859,1.54885,2.10,1.50
2012.10.01 02:15:50.752,1.54859,1.54885,2.10,1.50
2012.10.01 02:15:58.986,1.54859,1.54885,2.10,1.50
2012.10.01 02:15:59.162,1.54862,1.54893,1.73,1.50
2012.10.01 02:16:01.982,1.54862,1.54893,1.73,1.50
2012.10.01 02:16:02.892,1.54862,1.54893,1.73,1.50
2012.10.01 02:16:04.753,1.54862,1.54893,2.10,1.50
2012.10.01 02:16:06.917,1.54862,1.54893,2.10,1.50
2012.10.01 02:16:16.888,1.54862,1.54893,2.10,1.50
2012.10.01 02:16:17.016,1.54862,1.54893,2.10,1.50
2012.10.01 02:16:18.345,1.54862,1.5489,2.10,1.50
2012.10.01 02:16:18.764,1.54859,1.54886,1.35,1.50
2012.10.01 02:16:25.154,1.54856,1.54887,1.35,1.50
2012.10.01 02:16:27.026,1.54856,1.54886,1.35,1.50
2012.10.01 02:16:30.145,1.54859,1.54886,1.35,1.50
2012.10.01 02:16:30.592,1.54861,1.54888,1.35,2.25
2012.10.01 02:16:37.196,1.54861,1.54886,1.35,1.50
2012.10.01 02:16:37.863,1.54855,1.54886,2.76,1.50
2012.10.01 02:16:38.347,1.54855,1.54881,2.76,1.50
2012.10.01 02:16:38.414,1.54851,1.54878,1.35,1.50
2012.10.01 02:16:38.532,1.54849,1.54873,1.73,1.50
2012.10.01 02:16:38.802,1.54855,1.54879,1.13,1.50
2012.10.01 02:16:39.269,1.54855,1.54879,1.13,1.50
2012.10.01 02:16:41.833,1.54855,1.54879,1.35,1.50
2012.10.01 02:16:41.952,1.54855,1.54879,1.13,1.50
2012.10.01 02:16:42.167,1.54855,1.54879,1.13,1.50
2012.10.01 02:16:42.307,1.54853,1.54879,1.35,1.50
2012.10.01 02:16:47.004,1.54853,1.54879,1.35,1.50
2012.10.01 02:16:48.373,1.54853,1.54879,1.35,1.50
2012.10.01 02:16:49.072,1.54853,1.54879,1.35,1.50
2012.10.01 02:16:49.642,1.54853,1.54879,1.35,1.50
2012.10.01 02:16:52.364,1.54853,1.54879,1.35,1.50
2012.10.01 02:16:53.247,1.54853,1.54879,1.35,1.50
2012.10.01 02:16:53.772,1.54853,1.54879,1.35,1.50
2012.10.01 02:16:53.833,1.54855,1.54879,1.13,1.50
2012.10.01 02:16:54.465,1.54853,1.54881,1.73,1.50
2012.10.01 02:16:59.409,1.54854,1.54882,1.73,1.50
2012.10.01 02:16:59.685,1.54852,1.54882,1.73,1.50
2012.10.01 02:17:10.126,1.54854,1.54882,1.50,1.50
2012.10.01 02:17:11.943,1.54852,1.54882,1.73,1.50
2012.10.01 02:17:12.843,1.5486,1.54889,1.50,1.50
2012.10.01 02:17:14.342,1.5486,1.54889,1.50,1.50
2012.10.01 02:17:14.715,1.5486,1.54889,1.50,1.50
2012.10.01 02:17:14.893,1.5486,1.54889,1.73,1.50
2012.10.01 02:17:15.513,1.5486,1.54889,1.73,1.50
2012.10.01 02:17:16.966,1.5486,1.54892,1.73,1.50
2012.10.01 02:17:17.617,1.5486,1.54889,1.73,1.50
2012.10.01 02:17:18.057,1.5486,1.54886,1.73,1.50
2012.10.01 02:17:21.631,1.5486,1.54889,1.50,1.50
2012.10.01 02:17:21.812,1.5486,1.5489,1.50,1.50
2012.10.01 02:17:21.932,1.5486,1.54889,1.73,1.50
2012.10.01 02:17:27.412,1.5486,1.54889,1.50,1.50
2012.10.01 02:17:32.764,1.5486,1.54891,1.50,1.65
2012.10.01 02:17:34.912,1.54857,1.54884,2.25,1.50
2012.10.01 02:17:34.972,1.54857,1.54884,1.50,1.50
2012.10.01 02:17:35.173,1.54857,1.54883,1.88,1.50
2012.10.01 02:17:35.480,1.54864,1.54885,1.50,1.50
2012.10.01 02:17:35.551,1.54864,1.54892,1.58,1.65
2012.10.01 02:17:35.793,1.5487,1.549,1.58,2.25
2012.10.01 02:17:35.853,1.54871,1.549,1.58,2.25
2012.10.01 02:17:35.914,1.54872,1.54899,1.20,1.50
2012.10.01 02:17:36.034,1.54871,1.54899,1.20,1.50
2012.10.01 02:17:37.266,1.54872,1.54899,1.13,1.50
2012.10.01 02:17:39.808,1.5487,1.54899,1.50,1.50
2012.10.01 02:17:39.872,1.5487,1.54899,1.50,1.50
2012.10.01 02:17:40.775,1.5487,1.54899,1.50,2.85
2012.10.01 02:17:41.134,1.5487,1.54892,1.50,1.65
2012.10.01 02:17:41.578,1.54863,1.54891,1.50,1.50
2012.10.01 02:17:43.206,1.54865,1.54891,1.50,1.50
2012.10.01 02:17:46.894,1.54863,1.54891,1.50,1.50
2012.10.01 02:17:53.744,1.54863,1.54893,1.50,1.50
2012.10.01 02:17:55.012,1.54872,1.54898,1.73,2.63
2012.10.01 02:17:55.364,1.54872,1.549,1.50,1.65
2012.10.01 02:17:55.427,1.54872,1.549,1.50,3.38
2012.10.01 02:17:55.538,1.54872,1.549,1.50,1.65
2012.10.01 02:17:55.914,1.54872,1.549,1.50,2.70
2012.10.01 02:17:56.864,1.54874,1.549,1.50,2.70
2012.10.01 02:17:56.933,1.54874,1.549,1.50,1.65
2012.10.01 02:17:57.450,1.54874,1.549,1.50,1.65
2012.10.01 02:17:57.625,1.54874,1.549,1.50,1.65
2012.10.01 02:17:58.438,1.54872,1.549,1.50,1.65
2012.10.01 02:17:58.633,1.54866,1.54894,1.73,1.50
2012.10.01 02:17:59.064,1.54871,1.54896,1.50,2.78
2012.10.01 02:17:59.603,1.54871,1.54898,1.50,1.50
2012.10.01 02:18:07.966,1.54871,1.54899,1.50,1.80
2012.10.01 02:18:08.534,1.54871,1.54898,1.50,2.40
2012.10.01 02:18:10.662,1.54871,1.54896,1.50,1.50
2012.10.01 02:18:10.975,1.54871,1.54894,1.50,1.80
2012.10.01 02:18:11.034,1.54866,1.54894,1.50,2.55
2012.10.01 02:18:11.623,1.54857,1.54888,1.73,1.50
2012.10.01 02:18:11.683,1.54857,1.54888,1.73,1.50
2012.10.01 02:18:11.862,1.54857,1.54888,1.73,1.50
2012.10.01 02:18:12.078,1.54857,1.54888,1.50,1.50
2012.10.01 02:18:12.366,1.54857,1.54889,1.50,1.50
2012.10.01 02:18:13.104,1.54857,1.5489,2.48,1.50
2012.10.01 02:18:13.826,1.54857,1.54883,1.50,1.50
2012.10.01 02:18:15.714,1.54857,1.54883,1.50,1.50
2012.10.01 02:18:15.892,1.54851,1.54881,1.50,1.50
2012.10.01 02:18:15.953,1.54851,1.54881,1.50,1.50
2012.10.01 02:18:16.501,1.54851,1.54881,1.50,1.50
2012.10.01 02:18:16.564,1.54851,1.54881,1.50,1.50
2012.10.01 02:18:17.224,1.54851,1.54881,1.50,1.50
2012.10.01 02:18:21.840,1.54851,1.54881,1.50,1.50
2012.10.01 02:18:23.146,1.54851,1.54883,1.50,2.25
2012.10.01 02:18:23.202,1.54853,1.54883,1.50,1.50
2012.10.01 02:18:23.382,1.54859,1.54889,1.50,1.50
2012.10.01 02:18:34.163,1.54861,1.54889,1.73,1.50
2012.10.01 02:18:34.343,1.54867,1.54897,1.50,2.25
2012.10.01 02:18:34.943,1.54859,1.54893,1.50,1.50
2012.10.01 02:18:35.003,1.54857,1.54889,1.50,1.50
2012.10.01 02:18:36.355,1.54859,1.54889,1.50,1.50
2012.10.01 02:18:36.536,1.54867,1.54896,1.50,1.50
2012.10.01 02:18:37.840,1.54864,1.54896,1.73,1.50
2012.10.01 02:18:38.713,1.54857,1.54889,1.50,1.50
2012.10.01 02:18:39.036,1.5485,1.5488,1.35,1.50
2012.10.01 02:18:58.754,1.54852,1.54884,1.73,1.50
2012.10.01 02:19:08.464,1.54851,1.54883,1.13,1.50
2012.10.01 02:19:08.522,1.54844,1.54873,1.73,1.50
2012.10.01 02:19:09.045,1.54847,1.54878,1.50,1.50
2012.10.01 02:19:09.103,1.54849,1.54881,1.50,1.50
2012.10.01 02:19:09.243,1.54849,1.54881,1.73,1.50
2012.10.01 02:19:09.862,1.54849,1.54878,1.50,1.50
2012.10.01 02:19:29.084,1.54849,1.5488,1.50,1.50
2012.10.01 02:19:30.745,1.54849,1.5488,1.50,1.50
2012.10.01 02:19:31.624,1.54849,1.5488,1.50,1.50
2012.10.01 02:20:29.402,1.54851,1.54879,1.50,1.50
2012.10.01 02:20:49.227,1.54846,1.54879,1.73,1.50
2012.10.01 02:20:49.292,1.54845,1.54875,1.73,1.50
2012.10.01 02:21:06.450,1.54845,1.54881,1.73,1.50
2012.10.01 02:21:06.513,1.54853,1.54883,1.50,1.50
2012.10.01 02:21:26.352,1.5485,1.54882,1.50,1.50
2012.10.01 02:21:31.925,1.54847,1.54879,1.50,1.50
2012.10.01 02:21:31.982,1.54845,1.54874,1.50,1.50
2012.10.01 02:21:32.373,1.54849,1.54881,1.50,1.50
2012.10.01 02:21:41.614,1.54837,1.54873,1.50,2.25
2012.10.01 02:21:41.673,1.54834,1.54865,2.10,1.50
2012.10.01 02:21:41.973,1.54841,1.54871,1.50,1.50
2012.10.01 02:21:47.187,1.54836,1.5487,1.73,1.50
2012.10.01 02:21:47.253,1.54835,1.54864,1.50,1.50
2012.10.01 02:21:49.143,1.54836,1.54867,1.50,1.50
2012.10.01 02:21:49.393,1.54842,1.54872,1.50,1.50
2012.10.01 02:21:49.455,1.54842,1.54874,1.50,1.50
2012.10.01 02:21:56.529,1.54829,1.54858,1.50,1.50
2012.10.01 02:22:07.603,1.54827,1.54858,1.50,1.50
2012.10.01 02:22:07.980,1.54829,1.54858,1.50,1.50
2012.10.01 02:22:08.047,1.54835,1.54864,1.50,1.50
2012.10.01 02:22:08.487,1.54827,1.54863,2.25,1.50
2012.10.01 02:22:08.553,1.54827,1.54859,2.25,1.50
2012.10.01 02:22:28.313,1.54833,1.54863,1.50,1.65
2012.10.01 02:22:48.208,1.54831,1.54862,1.50,1.50
2012.10.01 02:23:04.673,1.54831,1.54851,1.50,1.13
2012.10.01 02:23:04.877,1.54827,1.54851,1.50,1.13
2012.10.01 02:23:04.949,1.54817,1.54846,1.73,1.50
2012.10.01 02:23:08.914,1.54822,1.54851,1.50,1.13
2012.10.01 02:23:24.275,1.54816,1.54851,1.73,1.88
2012.10.01 02:23:24.333,1.54816,1.54845,1.73,1.50
2012.10.01 02:23:44.337,1.54816,1.54847,1.73,1.50
2012.10.01 02:23:44.403,1.54819,1.54849,1.50,1.50
2012.10.01 02:23:47.020,1.54819,1.54847,1.50,1.50
2012.10.01 02:23:50.405,1.54819,1.54847,1.50,1.50
2012.10.01 02:23:58.612,1.54819,1.54847,1.50,1.50
2012.10.01 02:23:59.016,1.54812,1.54841,1.50,1.50
2012.10.01 02:24:14.043,1.54812,1.54841,1.50,1.65
2012.10.01 02:24:18.814,1.54812,1.54838,1.50,1.05
2012.10.01 02:24:33.857,1.54812,1.54838,1.50,1.05
2012.10.01 02:24:36.013,1.54809,1.54838,1.50,1.05
2012.10.01 02:24:37.004,1.54809,1.54838,1.73,1.05
2012.10.01 02:24:38.861,1.54809,1.54838,1.73,1.05
2012.10.01 02:24:49.673,1.54808,1.54838,1.50,1.05
2012.10.01 02:24:50.003,1.54808,1.54837,1.50,1.05
2012.10.01 02:24:50.063,1.54808,1.54837,1.50,1.05
2012.10.01 02:24:59.116,1.54807,1.54836,1.73,1.05
2012.10.01 02:25:18.991,1.54807,1.54838,1.73,1.80
2012.10.01 02:25:22.307,1.54807,1.54836,1.73,1.80
2012.10.01 02:25:22.374,1.54802,1.54833,1.50,1.50
2012.10.01 02:25:22.883,1.548,1.54831,1.73,1.50
2012.10.01 02:25:23.286,1.548,1.54832,1.50,1.50
2012.10.01 02:25:26.272,1.548,1.54831,1.50,1.50
2012.10.01 02:25:26.641,1.54794,1.54823,2.10,1.50
2012.10.01 02:25:43.664,1.54794,1.54822,1.73,1.50
2012.10.01 02:25:43.784,1.54794,1.54822,1.50,1.50
2012.10.01 02:25:43.844,1.54793,1.54822,1.73,1.50
2012.10.01 02:25:44.176,1.54786,1.54815,2.25,1.50
2012.10.01 02:25:44.680,1.54786,1.54814,2.25,1.50
2012.10.01 02:25:45.238,1.54786,1.54815,2.48,1.50
2012.10.01 02:25:48.864,1.54786,1.54816,2.48,1.50
2012.10.01 02:25:49.043,1.54786,1.54816,2.48,1.50
2012.10.01 02:25:49.434,1.54786,1.54816,2.25,1.50
2012.10.01 02:25:52.198,1.54786,1.54815,2.48,1.50
2012.10.01 02:25:52.544,1.54786,1.54815,2.25,1.50
2012.10.01 02:25:57.024,1.54786,1.54814,2.25,1.50
2012.10.01 02:26:00.000,1.54786,1.54814,2.25,1.50
2012.10.01 02:26:00.126,1.54786,1.54814,2.25,1.50
2012.10.01 02:26:00.519,1.54786,1.54809,1.50,1.50
2012.10.01 02:26:00.588,1.54777,1.54806,1.73,1.50
2012.10.01 02:26:01.336,1.54777,1.54806,1.50,1.50
2012.10.01 02:26:03.183,1.54785,1.54814,1.50,2.25
2012.10.01 02:26:03.413,1.54787,1.54814,1.50,1.50
2012.10.01 02:26:04.154,1.54787,1.54814,1.50,1.50
2012.10.01 02:26:04.547,1.5478,1.54809,1.50,1.50
2012.10.01 02:26:05.049,1.54779,1.54808,1.50,1.50
2012.10.01 02:26:05.119,1.54779,1.54808,1.50,1.50
2012.10.01 02:26:05.722,1.54779,1.54808,1.50,1.50
2012.10.01 02:26:05.843,1.54779,1.54808,1.50,1.50
2012.10.01 02:26:06.374,1.54779,1.54808,1.50,1.50
2012.10.01 02:26:06.737,1.5478,1.54808,1.50,1.50
2012.10.01 02:26:07.235,1.54786,1.54814,2.25,1.50
2012.10.01 02:26:07.301,1.54781,1.5481,1.50,1.50
2012.10.01 02:26:07.604,1.54778,1.5481,1.73,1.50
2012.10.01 02:26:08.116,1.54778,1.54807,1.73,1.50
2012.10.01 02:26:10.119,1.54778,1.5481,1.50,2.25
2012.10.01 02:26:10.183,1.54781,1.5481,1.50,2.25
2012.10.01 02:26:12.394,1.54782,1.5481,1.35,2.25
2012.10.01 02:26:18.195,1.54786,1.54814,1.73,1.50
2012.10.01 02:26:18.254,1.54786,1.54814,1.50,1.50
2012.10.01 02:26:18.314,1.54781,1.5481,1.50,2.25
2012.10.01 02:26:19.555,1.54787,1.54817,1.73,1.50
2012.10.01 02:26:19.614,1.54788,1.54817,1.73,1.50
2012.10.01 02:26:19.735,1.54794,1.54822,1.50,1.50
2012.10.01 02:26:19.794,1.54794,1.54823,1.50,1.50
2012.10.01 02:26:20.373,1.54793,1.54819,1.73,1.50
2012.10.01 02:26:21.229,1.54795,1.54824,1.73,1.50
2012.10.01 02:26:21.795,1.54795,1.54821,1.73,1.50
2012.10.01 02:26:22.052,1.54795,1.54821,1.50,1.50
2012.10.01 02:26:22.116,1.54787,1.54815,1.35,1.50
2012.10.01 02:26:22.474,1.54786,1.54815,1.50,1.50
2012.10.01 02:26:22.594,1.54778,1.54806,1.73,1.50
2012.10.01 02:26:22.864,1.54777,1.54806,2.25,1.50
2012.10.01 02:26:23.213,1.54777,1.54806,2.48,1.50
2012.10.01 02:26:26.056,1.54777,1.54806,2.48,1.50
2012.10.01 02:26:27.257,1.54777,1.54807,2.48,1.50
2012.10.01 02:26:27.333,1.54772,1.54799,1.58,1.50
2012.10.01 02:26:27.749,1.54769,1.54799,1.50,1.50
2012.10.01 02:26:29.754,1.54769,1.54799,1.73,1.50
2012.10.01 02:26:33.796,1.5477,1.54799,1.73,1.50
2012.10.01 02:26:39.345,1.54771,1.54799,1.35,1.50
2012.10.01 02:26:39.683,1.54777,1.54805,1.50,1.50
2012.10.01 02:26:39.999,1.54779,1.54806,1.73,1.50
2012.10.01 02:26:40.443,1.54777,1.54807,1.73,1.50
2012.10.01 02:26:41.304,1.54779,1.54807,1.50,1.50
2012.10.01 02:26:41.424,1.54777,1.54807,1.73,1.50
2012.10.01 02:26:41.484,1.54777,1.54807,1.50,1.50
2012.10.01 02:26:41.693,1.54777,1.54807,1.73,1.50
2012.10.01 02:26:42.368,1.54779,1.54807,1.73,1.50
2012.10.01 02:26:44.994,1.54786,1.54812,1.73,2.25
2012.10.01 02:26:45.053,1.54786,1.54812,1.73,1.50
2012.10.01 02:26:46.353,1.54786,1.54812,1.73,1.50
2012.10.01 02:26:47.985,1.54786,1.54814,1.73,1.50
2012.10.01 02:26:48.444,1.54786,1.54812,1.73,1.50
2012.10.01 02:26:48.564,1.54786,1.54812,1.50,1.50
2012.10.01 02:26:48.638,1.54786,1.5481,1.50,1.50
2012.10.01 02:26:49.287,1.5478,1.54806,1.13,1.50
2012.10.01 02:26:52.905,1.54777,1.54806,1.35,1.50
2012.10.01 02:26:53.343,1.54776,1.54806,2.48,1.50
2012.10.01 02:26:54.656,1.54776,1.54806,2.48,1.50
2012.10.01 02:26:55.900,1.54777,1.54806,1.73,1.50
2012.10.01 02:27:04.116,1.54784,1.54812,1.50,1.50
2012.10.01 02:27:04.814,1.54784,1.54813,1.73,1.50
2012.10.01 02:27:05.054,1.54784,1.54814,1.73,1.50
2012.10.01 02:27:05.451,1.54784,1.54814,1.73,1.50
2012.10.01 02:27:08.254,1.54792,1.5482,1.50,1.50
2012.10.01 02:27:09.267,1.54792,1.54818,1.50,1.50
2012.10.01 02:27:09.619,1.54792,1.54818,1.50,1.50
2012.10.01 02:27:10.805,1.54792,1.54819,1.50,1.50
2012.10.01 02:27:19.514,1.54789,1.54819,1.50,1.50
2012.10.01 02:27:19.633,1.54784,1.54813,1.73,2.25
2012.10.01 02:27:29.505,1.54784,1.54811,1.50,1.50
2012.10.01 02:27:30.144,1.54784,1.54811,1.50,1.50
2012.10.01 02:27:30.484,1.54776,1.54804,1.73,1.50
2012.10.01 02:27:46.858,1.54776,1.54802,1.73,1.50
2012.10.01 02:28:02.064,1.54779,1.54807,1.50,1.50
2012.10.01 02:28:05.430,1.54779,1.54807,1.73,1.50
2012.10.01 02:28:05.986,1.54779,1.54807,1.50,1.50
2012.10.01 02:28:07.776,1.54786,1.54814,1.50,1.50
2012.10.01 02:28:12.294,1.54786,1.54814,1.50,1.50
2012.10.01 02:28:16.356,1.54786,1.54814,1.73,1.50
2012.10.01 02:28:16.904,1.54786,1.54814,1.50,1.50
2012.10.01 02:28:17.083,1.54786,1.54814,1.73,1.50
2012.10.01 02:28:20.024,1.54786,1.54814,1.73,1.50
2012.10.01 02:28:21.103,1.54794,1.5482,1.50,1.50
2012.10.01 02:28:21.967,1.54794,1.5482,1.50,1.50
2012.10.01 02:28:22.732,1.54794,1.5482,1.50,1.50
2012.10.01 02:28:22.964,1.54794,1.5482,1.50,2.63
2012.10.01 02:28:23.146,1.54794,1.5482,1.50,1.50
2012.10.01 02:28:24.431,1.54794,1.5482,1.50,1.50
2012.10.01 02:28:27.130,1.54794,1.5482,1.50,1.50
2012.10.01 02:28:27.610,1.54794,1.5482,1.50,1.50
2012.10.01 02:28:37.025,1.54785,1.5481,1.73,1.65
2012.10.01 02:28:44.184,1.54794,1.54819,1.50,1.95
2012.10.01 02:28:45.145,1.54794,1.54817,1.50,2.93
2012.10.01 02:28:45.833,1.54794,1.54819,1.50,1.95
2012.10.01 02:28:46.513,1.54794,1.54818,1.50,1.95
2012.10.01 02:28:47.268,1.54794,1.54819,1.50,1.95
2012.10.01 02:28:47.353,1.54794,1.54817,1.50,2.25
2012.10.01 02:28:47.833,1.54794,1.54819,1.50,2.70
2012.10.01 02:28:49.481,1.54794,1.54818,1.50,2.25
2012.10.01 02:28:50.427,1.54794,1.5482,1.50,2.40
2012.10.01 02:28:50.704,1.54794,1.5482,1.50,1.50
2012.10.01 02:28:53.506,1.54794,1.54819,1.50,2.10
2012.10.01 02:28:54.098,1.54794,1.54818,1.50,2.18
2012.10.01 02:28:54.166,1.54794,1.5482,1.50,2.78
2012.10.01 02:28:54.613,1.54794,1.54817,1.50,2.63
2012.10.01 02:28:54.985,1.54794,1.54819,1.50,1.58
2012.10.01 02:28:57.047,1.54794,1.54812,1.50,2.63
2012.10.01 02:29:00.046,1.54794,1.5482,1.50,1.50
2012.10.01 02:29:00.164,1.54794,1.5482,1.50,1.50
2012.10.01 02:29:00.224,1.54797,1.5482,1.50,1.50
2012.10.01 02:29:00.284,1.54801,1.54827,1.50,2.03
2012.10.01 02:29:00.344,1.54801,1.54829,1.50,1.95
2012.10.01 02:29:00.523,1.54802,1.54829,1.50,1.95
2012.10.01 02:29:05.277,1.54802,1.5483,1.50,1.50
2012.10.01 02:29:05.803,1.54802,1.5483,1.50,1.50
2012.10.01 02:29:13.180,1.54802,1.5483,1.50,3.38
2012.10.01 02:29:13.706,1.54793,1.5482,1.73,1.50
2012.10.01 02:29:14.364,1.5479,1.54811,1.73,1.50
2012.10.01 02:29:14.424,1.54786,1.54811,1.03,1.50
2012.10.01 02:29:14.603,1.54782,1.5481,1.50,1.95
2012.10.01 02:29:14.804,1.54782,1.54811,1.50,1.50
2012.10.01 02:29:14.924,1.54782,1.54807,1.50,2.85
2012.10.01 02:29:14.983,1.54772,1.54802,1.50,1.50
2012.10.01 02:29:15.986,1.54772,1.54802,1.50,1.50
2012.10.01 02:29:16.044,1.54772,1.54802,1.50,1.50
2012.10.01 02:29:16.226,1.54772,1.54802,1.50,1.50
2012.10.01 02:29:16.329,1.54772,1.54802,1.50,1.50
2012.10.01 02:29:16.963,1.54772,1.54804,1.50,1.50
2012.10.01 02:29:17.544,1.5478,1.54809,1.50,3.60
2012.10.01 02:29:26.290,1.5478,1.54809,1.50,1.50
2012.10.01 02:29:36.516,1.5478,1.54809,1.50,1.50
2012.10.01 02:29:37.173,1.54779,1.54807,1.50,1.50
2012.10.01 02:29:37.945,1.54779,1.54807,1.50,1.50
2012.10.01 02:29:38.237,1.54779,1.54807,1.50,1.50
2012.10.01 02:29:38.305,1.54779,1.54807,1.50,1.50
2012.10.01 02:29:39.424,1.54779,1.54807,1.50,1.50
2012.10.01 02:29:43.508,1.54787,1.54809,1.50,1.50
2012.10.01 02:29:43.575,1.54789,1.54818,1.50,1.73
2012.10.01 02:29:44.133,1.54789,1.54817,1.50,2.10
2012.10.01 02:29:45.903,1.54789,1.54818,1.50,1.50
2012.10.01 02:29:47.334,1.54789,1.54818,1.50,1.50
2012.10.01 02:29:54.724,1.54789,1.54817,1.50,2.93
2012.10.01 02:29:55.077,1.5478,1.54809,1.50,1.50
2012.10.01 02:29:56.874,1.54783,1.54809,1.50,1.50
2012.10.01 02:29:57.259,1.54789,1.54819,1.50,1.50
2012.10.01 02:29:57.479,1.54789,1.54819,1.50,1.50
2012.10.01 02:29:59.694,1.54791,1.54819,1.88,1.50
2012.10.01 02:29:59.993,1.548,1.54829,1.50,1.50
2012.10.01 02:30:00.114,1.548,1.54827,1.50,1.95
2012.10.01 02:30:00.710,1.548,1.54828,1.50,1.73
2012.10.01 02:30:00.775,1.548,1.54829,1.50,1.50
2012.10.01 02:30:04.245,1.548,1.54829,1.50,1.50
2012.10.01 02:30:04.734,1.54809,1.54835,1.50,2.18
2012.10.01 02:30:07.019,1.54809,1.54833,1.50,1.73
2012.10.01 02:30:07.865,1.54811,1.54833,1.50,1.73
2012.10.01 02:30:07.924,1.54811,1.54837,1.50,1.50
2012.10.01 02:30:07.985,1.54817,1.54839,1.50,1.50
2012.10.01 02:30:08.225,1.5481,1.54838,1.50,2.63
2012.10.01 02:30:16.894,1.5481,1.54833,1.50,2.85
2012.10.01 02:30:18.123,1.5481,1.54839,1.50,1.50
2012.10.01 02:30:18.244,1.54813,1.54839,1.50,1.50
2012.10.01 02:30:26.905,1.54813,1.54839,1.50,1.50
2012.10.01 02:30:28.070,1.54813,1.54839,1.50,1.50
2012.10.01 02:30:36.914,1.54816,1.54838,1.50,1.50
2012.10.01 02:30:37.245,1.54816,1.54836,1.50,2.40
2012.10.01 02:30:37.306,1.54816,1.54842,1.50,2.78
2012.10.01 02:30:47.145,1.54808,1.54838,1.50,1.50
2012.10.01 02:30:47.438,1.54808,1.54838,1.50,1.50
2012.10.01 02:30:47.774,1.54808,1.54838,1.50,1.50
2012.10.01 02:30:48.484,1.54808,1.54838,1.50,1.50
2012.10.01 02:30:48.544,1.54808,1.54838,1.50,1.50
2012.10.01 02:30:50.432,1.54808,1.54838,1.50,1.50
2012.10.01 02:30:56.855,1.54808,1.54838,1.50,1.50
2012.10.01 02:30:57.743,1.54808,1.54836,1.50,2.03
2012.10.01 02:31:00.305,1.54808,1.54832,1.50,2.48
2012.10.01 02:31:00.696,1.548,1.54829,1.50,1.50
2012.10.01 02:31:01.106,1.54803,1.54829,1.50,3.45
2012.10.01 02:31:01.558,1.548,1.54829,1.50,1.50
2012.10.01 02:31:09.127,1.548,1.54829,1.50,1.50
2012.10.01 02:31:09.975,1.548,1.54829,1.50,1.50
2012.10.01 02:31:10.294,1.548,1.54829,1.50,1.50
2012.10.01 02:31:10.744,1.548,1.54829,1.50,1.50
2012.10.01 02:31:20.054,1.54803,1.54829,1.50,1.50
2012.10.01 02:31:20.424,1.54806,1.54834,1.50,1.50
2012.10.01 02:31:20.484,1.54806,1.54834,1.50,3.15
2012.10.01 02:31:20.774,1.54797,1.54825,1.50,1.50
2012.10.01 02:31:24.505,1.54797,1.54825,1.50,1.50
2012.10.01 02:31:24.684,1.54797,1.54825,1.50,1.50
2012.10.01 02:31:26.314,1.54797,1.54825,1.50,1.50
2012.10.01 02:31:26.906,1.54786,1.54816,1.50,1.50
2012.10.01 02:31:27.414,1.54786,1.54816,1.50,1.50
2012.10.01 02:31:27.627,1.54786,1.54816,1.50,1.50
2012.10.01 02:31:28.096,1.54807,1.54823,1.50,1.50
2012.10.01 02:31:28.154,1.54807,1.5483,1.50,1.50
2012.10.01 02:31:28.214,1.54807,1.54836,1.50,1.73
2012.10.01 02:31:28.465,1.54815,1.54844,1.50,2.25
2012.10.01 02:31:28.584,1.54822,1.54844,1.50,1.50
2012.10.01 02:31:28.876,1.54822,1.54846,1.50,1.50
2012.10.01 02:31:30.012,1.54822,1.54852,1.50,1.73
2012.10.01 02:31:30.495,1.54808,1.54834,1.50,1.73
2012.10.01 02:31:30.854,1.5481,1.54834,1.50,1.50
2012.10.01 02:31:31.118,1.5481,1.54834,1.50,1.50
2012.10.01 02:31:31.187,1.5481,1.54838,1.50,1.73
2012.10.01 02:31:31.244,1.5481,1.5484,1.50,1.73
2012.10.01 02:31:31.426,1.54817,1.54846,1.50,2.85
2012.10.01 02:31:31.485,1.54821,1.54846,1.50,1.50
2012.10.01 02:31:31.613,1.54826,1.54846,1.50,1.50
2012.10.01 02:31:32.096,1.54826,1.54856,1.50,1.50
2012.10.01 02:31:34.123,1.54828,1.54862,1.50,1.50
2012.10.01 02:31:34.183,1.54836,1.54868,2.25,1.73
2012.10.01 02:31:34.424,1.54836,1.54868,2.25,1.50
2012.10.01 02:31:35.624,1.54836,1.54863,1.50,1.50
2012.10.01 02:31:35.744,1.54829,1.54861,1.50,2.25
2012.10.01 02:31:42.396,1.54829,1.54863,1.50,2.48
2012.10.01 02:31:42.454,1.5484,1.54869,1.50,2.48
2012.10.01 02:31:42.644,1.5484,1.54869,1.50,1.50
2012.10.01 02:31:43.885,1.5484,1.54869,1.50,2.25
2012.10.01 02:31:44.527,1.5484,1.54863,1.50,1.73
2012.10.01 02:31:45.206,1.54834,1.54862,1.50,1.50
2012.10.01 02:31:45.266,1.54833,1.54862,1.50,1.50
2012.10.01 02:31:53.334,1.54833,1.54862,1.50,1.50
2012.10.01 02:31:53.634,1.54833,1.54863,1.50,3.23
2012.10.01 02:31:55.175,1.54833,1.54862,1.50,1.50
2012.10.01 02:31:55.249,1.54825,1.54861,1.50,1.50
2012.10.01 02:31:55.315,1.54825,1.54857,1.50,1.50
2012.10.01 02:32:02.696,1.54825,1.54854,1.50,1.50
2012.10.01 02:32:04.934,1.54817,1.54853,1.50,1.50
2012.10.01 02:32:04.994,1.54817,1.54848,1.50,1.50
2012.10.01 02:32:39.705,1.54817,1.54853,2.25,1.50
2012.10.01 02:32:39.992,1.54822,1.54853,1.50,1.50
2012.10.01 02:32:57.568,1.54824,1.54854,1.50,1.50
2012.10.01 02:32:57.909,1.54833,1.54864,1.50,1.73
2012.10.01 02:33:17.474,1.54835,1.54865,1.50,1.50
2012.10.01 02:33:20.084,1.54837,1.54867,1.50,1.50
2012.10.01 02:33:20.145,1.54837,1.54871,1.50,1.50
2012.10.01 02:33:20.204,1.54842,1.54873,1.50,1.50
2012.10.01 02:33:31.896,1.54845,1.54874,1.50,1.50
2012.10.01 02:33:40.094,1.54847,1.54876,1.50,1.50
2012.10.01 02:33:41.296,1.54852,1.54883,1.50,1.50
2012.10.01 02:33:59.319,1.54852,1.54884,1.50,1.50
2012.10.01 02:33:59.888,1.54868,1.54895,1.50,1.35
2012.10.01 02:34:00.005,1.5488,1.54907,1.50,1.73
2012.10.01 02:34:00.186,1.5488,1.54907,1.50,1.88
2012.10.01 02:34:00.250,1.5488,1.54907,1.50,1.13
2012.10.01 02:34:00.655,1.54888,1.54914,1.50,1.65
2012.10.01 02:34:00.835,1.54888,1.54917,1.50,2.25
2012.10.01 02:34:01.417,1.54895,1.54923,1.50,1.50
2012.10.01 02:34:01.838,1.54887,1.54922,1.73,1.50
2012.10.01 02:34:01.905,1.54887,1.54917,1.50,1.50
2012.10.01 02:34:01.965,1.54888,1.54917,1.50,1.50
2012.10.01 02:34:02.144,1.54895,1.54924,1.50,1.50
2012.10.01 02:34:02.655,1.54895,1.54925,1.73,1.50
2012.10.01 02:34:03.914,1.54901,1.54933,1.50,2.25
2012.10.01 02:34:08.715,1.54901,1.54924,1.50,1.50
2012.10.01 02:34:08.774,1.54893,1.54923,1.50,1.50
2012.10.01 02:34:08.835,1.54892,1.54922,1.50,1.50
2012.10.01 02:34:09.146,1.54893,1.54923,1.73,1.50
2012.10.01 02:34:09.324,1.54893,1.54923,1.50,1.50
2012.10.01 02:34:09.444,1.54897,1.54929,1.73,1.50
2012.10.01 02:34:09.504,1.54899,1.54931,1.50,1.50
2012.10.01 02:34:19.171,1.54909,1.54939,1.50,1.50
2012.10.01 02:34:19.676,1.5491,1.54939,1.50,1.50
2012.10.01 02:34:20.005,1.54916,1.54945,1.50,2.25
2012.10.01 02:34:21.414,1.54908,1.5494,1.73,1.50
2012.10.01 02:34:25.334,1.54908,1.54938,1.73,1.50
2012.10.01 02:34:25.834,1.54904,1.54934,1.50,2.25
2012.10.01 02:34:25.909,1.54902,1.54932,1.73,1.50
2012.10.01 02:34:48.865,1.54912,1.54938,1.50,1.88
2012.10.01 02:34:48.924,1.54912,1.54938,1.50,1.13
2012.10.01 02:34:48.984,1.54912,1.54944,1.50,2.48
2012.10.01 02:34:53.565,1.54912,1.54942,1.50,1.50
2012.10.01 02:34:53.897,1.54906,1.54934,1.73,2.25
2012.10.01 02:34:53.965,1.54904,1.54926,1.50,1.50
2012.10.01 02:34:55.395,1.54904,1.54927,1.50,1.50
2012.10.01 02:34:56.051,1.54879,1.54907,1.50,1.50
2012.10.01 02:34:57.203,1.54879,1.54904,1.50,1.13
2012.10.01 02:34:57.845,1.54872,1.54899,1.50,1.73
2012.10.01 02:34:58.298,1.54866,1.54894,1.13,1.50
2012.10.01 02:34:58.379,1.54879,1.54907,1.50,1.50
2012.10.01 02:34:58.822,1.54879,1.54908,1.50,1.73
2012.10.01 02:34:59.558,1.54879,1.54908,1.50,2.25
2012.10.01 02:35:06.270,1.54879,1.54906,1.50,1.73
2012.10.01 02:35:06.335,1.54871,1.549,1.50,1.50
2012.10.01 02:35:10.645,1.54862,1.54894,1.50,2.25
2012.10.01 02:35:10.886,1.54862,1.54891,1.50,1.50
2012.10.01 02:35:17.005,1.54862,1.54891,1.50,1.73
2012.10.01 02:35:17.066,1.54856,1.54882,1.50,1.50
2012.10.01 02:35:17.125,1.54853,1.54882,1.50,1.73
2012.10.01 02:35:19.077,1.54845,1.54873,1.50,1.50
2012.10.01 02:35:19.594,1.54837,1.54873,2.25,1.50
2012.10.01 02:35:23.052,1.54846,1.54881,2.25,1.50
2012.10.01 02:35:23.305,1.54851,1.54886,1.50,2.33
2012.10.01 02:35:25.309,1.54851,1.54884,1.50,1.73
2012.10.01 02:35:25.383,1.54846,1.54881,1.50,1.73
2012.10.01 02:35:25.595,1.54844,1.54878,1.50,1.50
2012.10.01 02:35:27.825,1.54847,1.54881,1.50,2.48
2012.10.01 02:35:30.765,1.54846,1.54886,1.50,1.73
2012.10.01 02:35:33.494,1.54846,1.54886,1.50,1.73
2012.10.01 02:35:33.615,1.54846,1.54883,1.50,1.50
2012.10.01 02:35:34.261,1.54841,1.54881,1.50,1.50
2012.10.01 02:35:34.595,1.54838,1.5488,1.73,1.50
2012.10.01 02:35:35.111,1.54837,1.54878,1.73,1.50
2012.10.01 02:35:35.177,1.54837,1.54874,1.50,1.50
2012.10.01 02:35:35.434,1.54838,1.5488,1.50,1.73
2012.10.01 02:35:36.704,1.54844,1.54884,1.50,3.38
2012.10.01 02:35:37.254,1.54844,1.54884,1.50,1.50
2012.10.01 02:35:38.034,1.54839,1.54879,1.73,1.50
2012.10.01 02:35:38.234,1.54839,1.54879,1.73,1.50
2012.10.01 02:35:38.327,1.54839,1.54879,1.73,1.50
2012.10.01 02:35:38.444,1.54839,1.54879,1.73,1.50
2012.10.01 02:35:38.565,1.54839,1.54879,1.73,1.50
2012.10.01 02:35:38.847,1.54839,1.54879,1.73,1.50
2012.10.01 02:35:41.944,1.54845,1.54884,1.50,1.50
2012.10.01 02:35:42.340,1.54845,1.54884,1.50,1.73
2012.10.01 02:35:42.826,1.54845,1.5488,1.50,1.50
2012.10.01 02:35:43.409,1.54837,1.54878,1.73,1.50
2012.10.01 02:35:45.468,1.54837,1.54877,1.73,1.50
2012.10.01 02:35:45.969,1.54837,1.54878,1.73,1.50
2012.10.01 02:35:46.506,1.54837,1.54877,1.73,1.50
2012.10.01 02:35:49.431,1.54837,1.5488,1.73,2.25
2012.10.01 02:35:51.173,1.54836,1.54877,1.73,1.50
2012.10.01 02:35:51.354,1.54836,1.54874,1.50,1.73
2012.10.01 02:35:52.773,1.54841,1.54877,1.50,1.73
2012.10.01 02:35:52.857,1.54844,1.54884,1.50,1.50
2012.10.01 02:35:53.299,1.54846,1.54884,1.50,1.50
2012.10.01 02:35:53.815,1.54849,1.54883,1.50,1.50
2012.10.01 02:35:54.810,1.54849,1.54884,1.50,1.50
2012.10.01 02:35:55.114,1.54852,1.54886,1.73,1.50
2012.10.01 02:36:02.624,1.54857,1.54891,1.50,2.25
2012.10.01 02:36:02.685,1.54858,1.54891,1.50,1.50
2012.10.01 02:36:06.114,1.54858,1.54893,1.50,1.50
2012.10.01 02:36:07.434,1.54867,1.54902,1.73,1.50
2012.10.01 02:36:07.614,1.54879,1.54912,1.50,1.50
2012.10.01 02:36:07.675,1.54879,1.54903,1.50,2.10
2012.10.01 02:36:07.734,1.5487,1.54903,1.73,2.10
2012.10.01 02:36:07.794,1.54869,1.54894,1.73,1.50
2012.10.01 02:36:09.145,1.54869,1.54894,1.50,1.50
2012.10.01 02:36:13.865,1.54869,1.54903,1.50,1.58
2012.10.01 02:36:17.267,1.54866,1.54897,1.50,1.50
2012.10.01 02:36:17.346,1.54864,1.54897,1.50,1.50
2012.10.01 02:36:23.486,1.54863,1.54895,1.50,1.50
2012.10.01 02:36:23.684,1.54857,1.54891,1.50,1.50
2012.10.01 02:36:24.010,1.54858,1.54891,1.50,1.50
2012.10.01 02:36:24.199,1.54857,1.54891,1.73,1.50
2012.10.01 02:36:24.325,1.54857,1.54889,1.50,1.50
2012.10.01 02:36:25.264,1.54857,1.54889,1.73,1.50
2012.10.01 02:36:25.388,1.54858,1.54889,1.50,1.50
2012.10.01 02:36:29.287,1.54864,1.54895,1.50,1.50
2012.10.01 02:36:29.344,1.54864,1.54896,1.50,1.50
2012.10.01 02:36:37.557,1.54864,1.54897,1.50,1.50
2012.10.01 02:36:37.989,1.54866,1.54899,1.50,1.50
2012.10.01 02:36:47.060,1.54868,1.54902,1.50,1.50
2012.10.01 02:36:47.376,1.54866,1.549,1.50,1.50
2012.10.01 02:36:47.437,1.54862,1.54896,1.73,1.50
2012.10.01 02:36:57.356,1.54861,1.54895,1.50,1.50
2012.10.01 02:37:06.021,1.54864,1.54894,1.50,1.50
2012.10.01 02:37:06.256,1.54864,1.54895,1.50,1.50
2012.10.01 02:37:07.117,1.54864,1.54895,1.50,1.50
2012.10.01 02:37:09.795,1.54864,1.54897,1.50,1.50
2012.10.01 02:37:22.704,1.54856,1.54889,1.73,1.50
2012.10.01 02:37:23.219,1.54864,1.54898,1.50,1.50
2012.10.01 02:37:23.345,1.54864,1.54898,1.73,1.50
2012.10.01 02:37:23.875,1.54872,1.54906,1.50,1.50
2012.10.01 02:37:24.665,1.54879,1.54913,1.50,1.50
2012.10.01 02:37:27.413,1.54877,1.54913,1.73,2.25
2012.10.01 02:37:33.935,1.54873,1.54907,1.73,1.50
2012.10.01 02:37:39.095,1.54866,1.54899,1.73,1.50
2012.10.01 02:37:39.157,1.54866,1.54899,1.73,1.50
2012.10.01 02:37:39.587,1.54866,1.54899,1.50,1.50
2012.10.01 02:37:45.505,1.54859,1.54894,1.50,1.50
2012.10.01 02:37:45.564,1.54856,1.54893,2.25,1.50
2012.10.01 02:37:48.084,1.54859,1.54893,1.50,1.50
2012.10.01 02:37:49.097,1.54865,1.549,1.50,2.25
2012.10.01 02:37:49.674,1.54865,1.54898,1.50,1.50
2012.10.01 02:37:49.955,1.54863,1.54896,1.50,1.50
2012.10.01 02:37:51.176,1.54865,1.549,1.73,1.50
2012.10.01 02:37:51.429,1.54865,1.549,1.50,1.50
2012.10.01 02:37:51.501,1.54863,1.54898,1.50,1.50
2012.10.01 02:37:51.965,1.54854,1.54887,1.73,1.50
2012.10.01 02:37:52.475,1.54856,1.54889,1.50,1.73
2012.10.01 02:37:52.564,1.5487,1.54905,1.50,1.73
2012.10.01 02:37:53.029,1.54878,1.54906,1.50,1.50
2012.10.01 02:37:53.630,1.54871,1.54905,1.50,1.50
2012.10.01 02:37:54.134,1.54878,1.54907,1.50,1.50
2012.10.01 02:37:54.228,1.54871,1.54905,1.50,1.73
2012.10.01 02:37:56.889,1.54871,1.54904,1.50,1.73
2012.10.01 02:37:57.275,1.54864,1.54901,1.50,1.50
2012.10.01 02:38:12.194,1.54871,1.54901,1.35,1.50
2012.10.01 02:38:12.315,1.54876,1.54907,1.73,1.50
2012.10.01 02:38:12.375,1.54876,1.5491,1.73,1.50
2012.10.01 02:38:29.746,1.54876,1.5491,1.73,1.50
2012.10.01 02:38:32.286,1.54877,1.54912,1.50,1.50
2012.10.01 02:38:32.344,1.54878,1.54913,1.50,1.50
2012.10.01 02:38:43.083,1.54877,1.54912,1.50,1.50
2012.10.01 02:38:43.145,1.54874,1.54907,1.50,1.50
2012.10.01 02:38:47.705,1.54872,1.54898,1.73,1.13
2012.10.01 02:38:47.764,1.54868,1.54898,1.73,1.88
2012.10.01 02:38:47.945,1.54868,1.54898,1.50,1.88
2012.10.01 02:38:52.085,1.54868,1.54898,1.50,1.13
2012.10.01 02:38:55.925,1.54869,1.54898,1.50,1.13
2012.10.01 02:38:56.505,1.54878,1.54906,1.50,1.73
2012.10.01 02:38:57.066,1.54878,1.54906,1.50,1.50
2012.10.01 02:39:02.572,1.54878,1.54908,1.50,1.50
2012.10.01 02:39:29.914,1.54878,1.54906,1.50,1.50
2012.10.01 02:39:31.536,1.54878,1.54908,1.50,1.50
2012.10.01 02:39:32.855,1.54878,1.54906,1.50,1.50
2012.10.01 02:39:36.486,1.5488,1.54909,1.50,1.50
2012.10.01 02:39:54.665,1.5488,1.5491,1.50,1.50
2012.10.01 02:40:01.611,1.5488,1.54909,1.50,1.50
2012.10.01 02:40:16.784,1.54875,1.54905,1.50,1.50
2012.10.01 02:41:01.673,1.54875,1.54907,1.50,2.85
2012.10.01 02:41:03.369,1.54877,1.54907,1.50,2.10
2012.10.01 02:41:03.436,1.54883,1.54911,1.50,1.13
2012.10.01 02:41:07.915,1.54883,1.54913,1.50,1.73
2012.10.01 02:41:08.281,1.54884,1.54914,1.50,1.50
2012.10.01 02:41:08.348,1.54893,1.54919,1.50,1.50
2012.10.01 02:41:09.235,1.54893,1.54914,1.50,1.50
2012.10.01 02:41:09.477,1.54879,1.54909,1.50,1.50
2012.10.01 02:41:10.245,1.54887,1.54914,1.50,1.73
2012.10.01 02:41:10.689,1.54887,1.5491,1.50,1.73
2012.10.01 02:41:11.328,1.54882,1.54908,1.50,2.48
2012.10.01 02:41:11.386,1.54879,1.54908,1.50,2.48
2012.10.01 02:41:11.904,1.54879,1.54903,1.50,1.13
2012.10.01 02:41:11.973,1.54873,1.54899,1.50,1.35
2012.10.01 02:41:14.276,1.54879,1.54899,1.50,2.10
2012.10.01 02:41:16.237,1.54879,1.54906,1.50,1.73
2012.10.01 02:41:16.301,1.54889,1.54912,1.50,1.13
2012.10.01 02:41:16.845,1.54891,1.54917,1.50,1.73
2012.10.01 02:41:16.916,1.54897,1.54924,1.50,1.50
2012.10.01 02:41:17.035,1.54897,1.54924,1.50,1.50
2012.10.01 02:41:18.180,1.5489,1.54921,1.50,1.73
2012.10.01 02:41:18.497,1.54885,1.54914,1.50,2.48
2012.10.01 02:41:18.615,1.54885,1.54909,1.50,1.50
2012.10.01 02:41:19.142,1.54879,1.54907,1.50,2.25
2012.10.01 02:41:19.374,1.54877,1.54907,1.50,2.25
2012.10.01 02:41:19.444,1.54877,1.54907,1.50,1.50
2012.10.01 02:41:20.015,1.54879,1.54907,1.50,2.25
2012.10.01 02:41:20.075,1.54878,1.54907,1.50,2.25
2012.10.01 02:41:21.095,1.54878,1.54908,1.50,1.50
2012.10.01 02:41:22.636,1.54878,1.54903,1.50,1.35
2012.10.01 02:41:23.056,1.5487,1.54899,1.50,1.50
2012.10.01 02:41:23.188,1.54872,1.54904,1.50,1.50
2012.10.01 02:41:23.305,1.54876,1.54905,1.50,1.50
2012.10.01 02:41:23.935,1.54876,1.54908,1.50,1.50
2012.10.01 02:41:24.524,1.54876,1.54905,1.50,1.50
2012.10.01 02:41:29.725,1.54877,1.54908,1.50,1.73
2012.10.01 02:41:29.846,1.54877,1.54912,1.50,1.50
2012.10.01 02:41:29.906,1.54883,1.54913,1.50,1.50
2012.10.01 02:41:30.763,1.54883,1.54915,1.50,1.50
2012.10.01 02:41:48.809,1.54882,1.54913,1.50,1.50
2012.10.01 02:41:48.875,1.54882,1.54912,1.50,1.50
2012.10.01 02:41:51.480,1.54884,1.54912,1.50,1.50
2012.10.01 02:41:52.129,1.5489,1.5492,1.50,1.50
2012.10.01 02:41:56.166,1.5489,1.54919,1.50,1.50
2012.10.01 02:41:57.650,1.5489,1.54919,1.50,1.50
2012.10.01 02:41:58.175,1.5489,1.54919,1.50,1.73
2012.10.01 02:41:58.450,1.5489,1.5492,1.50,1.50
2012.10.01 02:41:58.516,1.5489,1.54919,1.50,1.73
2012.10.01 02:41:59.119,1.5489,1.5492,1.50,1.50
2012.10.01 02:41:59.449,1.5489,1.54919,1.50,1.73
2012.10.01 02:42:00.508,1.5489,1.5492,1.50,1.73
2012.10.01 02:42:01.211,1.5489,1.54919,1.50,1.73
2012.10.01 02:42:06.567,1.5489,1.5492,1.50,1.73
2012.10.01 02:42:06.758,1.54893,1.54923,1.50,2.25
2012.10.01 02:42:21.374,1.54878,1.54906,1.50,1.35
2012.10.01 02:42:21.797,1.54864,1.54893,1.13,1.73
2012.10.01 02:42:22.436,1.54864,1.54892,1.13,1.50
2012.10.01 02:42:26.315,1.5487,1.54899,1.50,1.73
2012.10.01 02:42:27.128,1.5487,1.54902,1.50,1.50
2012.10.01 02:42:37.439,1.54868,1.54898,1.50,2.10
2012.10.01 02:42:39.733,1.54868,1.54898,1.50,1.50
2012.10.01 02:42:39.801,1.54875,1.54904,1.50,1.73
2012.10.01 02:42:48.545,1.54884,1.54913,1.50,1.50
2012.10.01 02:42:50.131,1.54884,1.54913,1.50,2.25
2012.10.01 02:42:50.687,1.54884,1.54905,1.50,1.73
2012.10.01 02:42:50.769,1.54874,1.54903,1.50,1.50
2012.10.01 02:42:51.278,1.54874,1.54904,1.50,2.25
2012.10.01 02:42:57.435,1.54888,1.54919,1.50,1.50
2012.10.01 02:43:15.222,1.54888,1.54918,1.50,1.50
2012.10.01 02:43:17.115,1.54881,1.54913,1.50,1.50
2012.10.01 02:43:18.656,1.54884,1.54913,1.50,1.50
2012.10.01 02:43:19.226,1.54888,1.5492,1.50,1.50
2012.10.01 02:43:31.239,1.54896,1.54927,1.50,1.50
2012.10.01 02:43:45.109,1.54896,1.54924,1.50,1.50
2012.10.01 02:43:45.415,1.54894,1.54923,1.50,1.50
2012.10.01 02:43:54.227,1.54891,1.54923,1.50,1.50
2012.10.01 02:43:55.091,1.54886,1.54914,1.50,1.50
2012.10.01 02:43:55.160,1.54883,1.54914,1.50,1.50
2012.10.01 02:44:11.054,1.54876,1.54904,1.50,1.50
2012.10.01 02:44:30.918,1.54872,1.54902,1.50,1.50
2012.10.01 02:44:40.505,1.54873,1.54902,1.73,1.50
2012.10.01 02:44:43.202,1.54876,1.54909,1.50,2.25
2012.10.01 02:44:43.270,1.54879,1.54909,1.50,2.25
2012.10.01 02:44:55.746,1.54876,1.54907,1.50,2.25
2012.10.01 02:44:55.837,1.54873,1.54901,1.50,1.50
2012.10.01 02:45:02.247,1.54876,1.54907,1.50,1.50
2012.10.01 02:45:02.306,1.54879,1.54909,1.50,2.25
2012.10.01 02:45:09.260,1.54873,1.54903,1.73,1.50
2012.10.01 02:45:09.334,1.5487,1.549,1.50,1.50
2012.10.01 02:45:09.516,1.5487,1.549,1.50,1.50
2012.10.01 02:45:09.636,1.54866,1.54895,1.50,1.50
2012.10.01 02:45:09.980,1.54864,1.54893,1.50,1.50
2012.10.01 02:45:10.366,1.54864,1.54893,1.50,1.50
2012.10.01 02:45:11.470,1.54864,1.54893,1.50,1.50
2012.10.01 02:45:13.565,1.54857,1.54889,1.50,2.25
2012.10.01 02:45:33.685,1.54857,1.54888,1.50,1.50
2012.10.01 02:45:53.695,1.54856,1.54884,1.50,1.50
2012.10.01 02:46:02.836,1.54854,1.54884,1.50,2.25
2012.10.01 02:46:03.082,1.54845,1.54874,1.50,1.50
2012.10.01 02:46:04.205,1.54847,1.54877,1.50,1.50
2012.10.01 02:46:04.865,1.54847,1.54881,1.73,1.50
2012.10.01 02:46:04.986,1.54853,1.54883,1.50,2.25
2012.10.01 02:46:05.105,1.54853,1.54883,1.50,1.50
2012.10.01 02:46:05.565,1.54861,1.54889,1.50,1.50
2012.10.01 02:46:07.030,1.54861,1.54889,1.50,1.50
2012.10.01 02:46:08.740,1.54861,1.5489,1.50,1.50
2012.10.01 02:46:25.100,1.54861,1.54891,1.50,1.50
2012.10.01 02:46:27.236,1.54856,1.54886,1.73,1.50
2012.10.01 02:46:29.988,1.54856,1.54891,1.73,1.50
2012.10.01 02:46:30.517,1.54863,1.54892,1.50,1.50
2012.10.01 02:46:37.137,1.54863,1.54893,1.50,1.50
2012.10.01 02:46:53.065,1.54863,1.54892,1.50,1.50
2012.10.01 02:46:57.255,1.54858,1.54888,1.50,1.50
2012.10.01 02:46:57.315,1.54856,1.54888,2.25,1.50
2012.10.01 02:46:59.325,1.54858,1.54889,1.50,1.50
2012.10.01 02:46:59.385,1.54865,1.54894,1.50,2.25
2012.10.01 02:47:04.885,1.54868,1.54902,1.50,1.50
2012.10.01 02:47:05.074,1.54875,1.54903,1.50,1.88
2012.10.01 02:47:05.146,1.54867,1.54897,1.50,1.50
2012.10.01 02:47:06.798,1.54868,1.54902,1.50,1.50
2012.10.01 02:47:07.075,1.54875,1.54903,1.50,1.13
2012.10.01 02:47:13.601,1.54869,1.54902,1.50,1.50
2012.10.01 02:47:13.905,1.54866,1.54899,2.25,1.50
2012.10.01 02:47:13.981,1.5486,1.54891,1.50,1.50
2012.10.01 02:47:23.816,1.54867,1.54897,1.50,1.50
2012.10.01 02:47:23.876,1.54868,1.549,1.50,1.50
2012.10.01 02:47:38.736,1.54864,1.54892,1.50,1.50
2012.10.01 02:47:39.116,1.54868,1.549,1.50,2.25
2012.10.01 02:47:40.089,1.54863,1.54893,1.50,1.50
2012.10.01 02:47:44.708,1.5486,1.54893,1.50,1.50
2012.10.01 02:48:00.123,1.54863,1.54892,1.50,1.50
2012.10.01 02:48:00.187,1.54864,1.54893,1.50,1.50
2012.10.01 02:48:06.066,1.54865,1.54893,1.50,1.50
2012.10.01 02:48:08.266,1.54865,1.54894,1.50,2.25
2012.10.01 02:48:18.695,1.54864,1.54893,1.50,2.25
2012.10.01 02:48:18.815,1.54864,1.54893,1.50,2.25
2012.10.01 02:48:19.348,1.54864,1.54893,1.50,2.25
2012.10.01 02:48:19.979,1.54865,1.54893,1.50,1.50
2012.10.01 02:48:20.830,1.54872,1.54903,1.50,3.53
2012.10.01 02:48:20.896,1.54872,1.54903,1.50,2.63
2012.10.01 02:48:21.308,1.54867,1.54896,1.50,1.50
2012.10.01 02:48:22.490,1.54866,1.54893,1.50,1.50
2012.10.01 02:48:23.027,1.54867,1.54894,1.50,1.35
2012.10.01 02:48:24.382,1.54867,1.54894,1.50,1.35
2012.10.01 02:48:25.067,1.54879,1.54904,1.50,1.13
2012.10.01 02:48:25.566,1.54879,1.54911,1.50,1.65
2012.10.01 02:48:25.636,1.54865,1.54894,1.50,1.50
2012.10.01 02:48:26.468,1.54862,1.54894,1.50,2.25
2012.10.01 02:48:26.546,1.54856,1.54886,1.50,1.50
2012.10.01 02:48:28.420,1.54856,1.54886,1.50,1.50
2012.10.01 02:48:30.586,1.54856,1.54884,1.50,1.50
2012.10.01 02:48:31.106,1.54856,1.54884,1.50,1.50
2012.10.01 02:48:31.390,1.54854,1.54884,1.50,2.25
2012.10.01 02:48:31.746,1.54854,1.54884,1.50,2.25
2012.10.01 02:48:32.368,1.54854,1.54884,1.50,2.40
2012.10.01 02:48:32.776,1.54854,1.54884,1.50,2.25
2012.10.01 02:48:33.226,1.54856,1.54885,1.50,1.50
2012.10.01 02:48:33.570,1.54856,1.54886,1.50,1.50
2012.10.01 02:48:34.456,1.54861,1.5489,1.50,1.88
2012.10.01 02:48:34.650,1.54861,1.5489,1.50,1.13
2012.10.01 02:48:34.716,1.54863,1.54892,1.50,1.73
2012.10.01 02:48:34.897,1.5487,1.54897,1.50,1.35
2012.10.01 02:48:34.957,1.5487,1.54895,1.50,1.50
2012.10.01 02:48:35.236,1.54856,1.54886,1.50,1.50
2012.10.01 02:48:36.377,1.54854,1.54883,1.50,1.73
2012.10.01 02:48:36.436,1.54856,1.54885,1.50,1.50
2012.10.01 02:48:37.798,1.54866,1.54894,1.50,1.50
2012.10.01 02:48:41.918,1.54864,1.54896,1.50,2.25
2012.10.01 02:48:42.260,1.54857,1.54889,1.50,2.25
2012.10.01 02:48:43.775,1.5486,1.54889,1.50,2.25
2012.10.01 02:48:51.699,1.54857,1.54889,1.50,1.50
2012.10.01 02:48:51.825,1.54852,1.54882,1.50,1.50
2012.10.01 02:48:52.274,1.54845,1.54874,1.50,1.50
2012.10.01 02:49:03.195,1.54854,1.54882,1.50,1.50
2012.10.01 02:49:07.086,1.54854,1.54883,1.50,1.50
2012.10.01 02:49:07.361,1.54854,1.54883,1.50,1.50
2012.10.01 02:49:07.487,1.54862,1.54891,1.50,2.25
2012.10.01 02:49:23.706,1.54861,1.54891,1.50,2.25
2012.10.01 02:49:23.826,1.54854,1.54883,1.50,1.50
2012.10.01 02:49:24.394,1.54865,1.54891,1.50,1.50
2012.10.01 02:49:28.192,1.54863,1.54891,1.50,1.50
2012.10.01 02:49:28.716,1.54855,1.54883,1.50,1.50
2012.10.01 02:49:37.266,1.54857,1.54883,1.50,1.50
2012.10.01 02:49:37.518,1.54859,1.54888,1.50,1.50
2012.10.01 02:49:37.580,1.54862,1.54891,1.50,1.73
2012.10.01 02:49:37.647,1.54859,1.54891,1.50,1.50
2012.10.01 02:49:38.257,1.54862,1.54891,1.50,1.50
2012.10.01 02:49:39.385,1.54868,1.54896,1.50,1.73
2012.10.01 02:49:41.636,1.54868,1.54896,1.50,1.50
2012.10.01 02:49:41.858,1.54868,1.54896,1.50,1.50
2012.10.01 02:49:41.915,1.54868,1.54896,1.50,1.50
2012.10.01 02:49:43.452,1.54868,1.54897,1.50,1.73
2012.10.01 02:49:43.528,1.54863,1.54891,1.50,1.50
2012.10.01 02:49:48.708,1.54863,1.54891,1.50,1.50
2012.10.01 02:49:54.311,1.54871,1.54897,1.50,1.50
2012.10.01 02:49:54.375,1.54871,1.549,1.50,1.50
2012.10.01 02:49:54.776,1.54868,1.54897,1.50,1.50
2012.10.01 02:49:55.457,1.54866,1.54897,1.50,1.50
2012.10.01 02:49:55.517,1.54864,1.54893,1.50,1.50
2012.10.01 02:49:56.016,1.54866,1.54898,1.50,1.50
2012.10.01 02:49:56.077,1.54868,1.54898,1.50,1.50
2012.10.01 02:49:56.448,1.5487,1.549,1.50,1.50
2012.10.01 02:49:56.856,1.5487,1.549,1.50,1.50
2012.10.01 02:49:57.137,1.5487,1.549,1.50,1.50
2012.10.01 02:50:00.791,1.54868,1.549,1.50,1.50
2012.10.01 02:50:01.552,1.5487,1.549,1.50,1.50
2012.10.01 02:50:02.146,1.5487,1.549,1.50,1.50
2012.10.01 02:50:02.407,1.54868,1.549,1.50,1.50
2012.10.01 02:50:02.466,1.5487,1.549,1.50,1.50
2012.10.01 02:50:08.253,1.54877,1.54903,1.50,1.50
2012.10.01 02:50:08.444,1.54877,1.54911,2.25,1.50
2012.10.01 02:50:08.519,1.54877,1.54906,1.50,1.50
2012.10.01 02:50:14.447,1.54877,1.54906,1.50,1.50
2012.10.01 02:50:14.687,1.54876,1.54906,2.25,1.50
2012.10.01 02:50:15.027,1.54876,1.5491,2.25,1.50
2012.10.01 02:50:15.445,1.54884,1.54912,1.50,1.50
2012.10.01 02:50:17.789,1.54884,1.54912,1.50,1.50
2012.10.01 02:50:18.466,1.54884,1.54912,1.50,1.50
2012.10.01 02:50:19.405,1.54882,1.54907,1.50,1.50
2012.10.01 02:50:25.135,1.54877,1.54905,1.50,1.50
2012.10.01 02:50:25.199,1.54876,1.54905,1.50,1.50
2012.10.01 02:50:25.266,1.54876,1.54905,1.50,1.50
2012.10.01 02:50:29.957,1.54876,1.54905,1.50,1.50
2012.10.01 02:50:30.845,1.54876,1.54905,1.50,1.73
2012.10.01 02:50:31.587,1.54876,1.54905,1.50,1.73
2012.10.01 02:50:35.876,1.5487,1.54897,1.50,1.50
2012.10.01 02:50:41.325,1.54868,1.54897,1.50,1.50
2012.10.01 02:50:44.066,1.54868,1.54896,1.50,1.50
2012.10.01 02:50:45.214,1.54868,1.54894,1.50,1.50
2012.10.01 02:50:45.745,1.54868,1.54896,1.50,1.73
2012.10.01 02:50:47.169,1.54868,1.54896,1.50,1.73
2012.10.01 02:50:47.685,1.54868,1.54896,1.50,1.73
2012.10.01 02:50:50.138,1.54868,1.54896,1.50,1.73
2012.10.01 02:50:50.479,1.54868,1.54896,1.50,1.50
2012.10.01 02:50:51.400,1.54866,1.54897,1.50,1.50
2012.10.01 02:50:51.466,1.54865,1.54894,1.50,1.50
2012.10.01 02:50:51.535,1.54866,1.54896,1.50,1.50
2012.10.01 02:50:53.250,1.54866,1.54894,1.50,1.50
2012.10.01 02:50:53.568,1.5486,1.5489,1.50,1.50
2012.10.01 02:50:53.687,1.54851,1.5488,1.50,1.50
2012.10.01 02:50:57.537,1.54851,1.54881,1.73,1.50
2012.10.01 02:50:58.009,1.54847,1.54873,1.58,1.50
2012.10.01 02:50:58.696,1.54852,1.54878,1.50,1.50
2012.10.01 02:50:59.608,1.54858,1.54886,1.50,1.50
2012.10.01 02:51:00.232,1.54858,1.54886,1.50,1.50
2012.10.01 02:51:02.686,1.54858,1.54888,1.50,1.50
2012.10.01 02:51:02.917,1.54867,1.54894,1.35,1.50
2012.10.01 02:51:03.426,1.54865,1.54893,1.50,1.50
2012.10.01 02:51:04.780,1.54865,1.54894,1.50,2.25
2012.10.01 02:51:05.516,1.54865,1.54894,1.50,1.50
2012.10.01 02:51:05.810,1.54874,1.54902,1.50,1.50
2012.10.01 02:51:09.995,1.54874,1.54903,1.50,1.50
2012.10.01 02:51:11.780,1.54872,1.54903,1.50,1.73
2012.10.01 02:51:12.213,1.54866,1.54896,1.50,1.73
2012.10.01 02:51:12.839,1.54866,1.54892,1.50,1.73
2012.10.01 02:51:13.318,1.54857,1.54887,1.50,1.50
2012.10.01 02:51:16.827,1.54859,1.54887,1.50,1.50
2012.10.01 02:51:17.271,1.54859,1.54887,1.50,1.50
2012.10.01 02:51:17.347,1.54864,1.54894,1.50,1.50
2012.10.01 02:51:19.988,1.54873,1.549,1.50,1.50
2012.10.01 02:51:21.347,1.54873,1.54901,1.50,1.50
2012.10.01 02:51:23.453,1.5488,1.5491,1.50,1.50
2012.10.01 02:51:24.517,1.5488,1.5491,1.50,1.50
2012.10.01 02:51:25.339,1.5488,1.5491,1.50,2.25
2012.10.01 02:51:25.677,1.54878,1.5491,1.50,2.48
2012.10.01 02:51:25.745,1.54873,1.54903,1.50,1.50
2012.10.01 02:51:27.054,1.54873,1.54903,1.50,1.50
2012.10.01 02:51:27.120,1.54879,1.5491,1.50,1.50
2012.10.01 02:51:27.668,1.54879,1.5491,1.50,1.50
2012.10.01 02:51:30.037,1.54879,1.5491,1.50,1.50
2012.10.01 02:51:31.096,1.54887,1.54916,1.50,1.50
2012.10.01 02:51:32.332,1.54879,1.54908,1.50,1.50
2012.10.01 02:51:34.340,1.54877,1.54908,1.73,1.50
2012.10.01 02:51:34.466,1.5488,1.54908,1.50,1.50
2012.10.01 02:51:39.027,1.54883,1.54912,1.13,1.50
2012.10.01 02:51:39.279,1.54887,1.54917,1.73,1.50
2012.10.01 02:51:40.227,1.54897,1.54925,1.50,1.50
2012.10.01 02:51:41.033,1.54897,1.54923,1.50,1.50
2012.10.01 02:51:41.656,1.54893,1.54911,1.50,1.50
2012.10.01 02:51:41.716,1.54894,1.54911,1.50,1.50
2012.10.01 02:51:42.065,1.5488,1.54911,1.50,1.50
2012.10.01 02:51:42.650,1.54875,1.54902,1.50,1.50
2012.10.01 02:51:42.717,1.54875,1.54902,1.50,1.50
2012.10.01 02:51:43.315,1.54875,1.54901,1.50,1.50
2012.10.01 02:51:43.888,1.54875,1.54901,1.50,1.50
2012.10.01 02:51:48.416,1.54867,1.54895,1.50,1.50
2012.10.01 02:51:51.330,1.54867,1.54895,1.50,1.50
2012.10.01 02:51:52.729,1.54874,1.54904,1.50,1.50
2012.10.01 02:51:53.139,1.54874,1.54904,1.50,1.50
2012.10.01 02:51:53.257,1.54872,1.54904,1.73,1.50
2012.10.01 02:52:00.627,1.5486,1.54888,1.50,1.50
2012.10.01 02:52:15.488,1.54874,1.54894,1.58,1.50
2012.10.01 02:52:17.309,1.54874,1.54894,1.58,1.50
2012.10.01 02:52:19.153,1.54876,1.54911,1.73,1.50
2012.10.01 02:52:19.302,1.54882,1.54912,1.73,1.50
2012.10.01 02:52:20.100,1.5487,1.549,1.50,1.50
2012.10.01 02:52:21.725,1.54866,1.54898,1.50,1.13
2012.10.01 02:52:21.961,1.54863,1.54893,1.50,1.50
2012.10.01 02:52:29.141,1.54872,1.54898,1.50,1.50
2012.10.01 02:52:29.516,1.54881,1.54909,1.50,1.50
2012.10.01 02:52:36.558,1.54879,1.54909,1.50,1.50
2012.10.01 02:52:37.602,1.54879,1.54904,1.50,1.50
2012.10.01 02:52:38.552,1.54863,1.54892,1.50,1.73
2012.10.01 02:52:42.668,1.54863,1.54889,1.50,1.13
2012.10.01 02:52:43.280,1.54863,1.54887,1.50,1.13
2012.10.01 02:52:44.138,1.54863,1.54889,1.50,1.13
2012.10.01 02:52:45.029,1.54863,1.54887,1.50,1.13
2012.10.01 02:52:49.145,1.54857,1.54886,1.50,1.50
2012.10.01 02:52:49.208,1.54847,1.54876,1.50,1.50
2012.10.01 02:52:51.039,1.54854,1.54881,1.50,1.50
2012.10.01 02:52:51.097,1.54854,1.54884,1.50,1.50
2012.10.01 02:53:08.478,1.54854,1.54884,1.50,1.50
2012.10.01 02:53:11.148,1.54856,1.54884,1.50,1.50
2012.10.01 02:53:15.486,1.54856,1.54884,1.50,1.50
2012.10.01 02:53:16.220,1.54856,1.54882,1.50,1.50
2012.10.01 02:53:16.537,1.54849,1.54878,1.50,1.50
2012.10.01 02:53:30.066,1.54846,1.54878,1.50,1.50
2012.10.01 02:53:30.370,1.5485,1.54878,1.50,1.50
2012.10.01 02:53:37.758,1.5485,1.54878,1.50,1.50
2012.10.01 02:53:39.617,1.54841,1.5487,1.50,1.50
2012.10.01 02:53:39.886,1.54832,1.54861,1.50,1.50
2012.10.01 02:53:59.306,1.54833,1.54863,1.50,1.50
2012.10.01 02:54:19.436,1.5484,1.54872,1.50,1.73
2012.10.01 02:54:19.496,1.54842,1.54872,1.50,1.73
2012.10.01 02:54:42.527,1.54849,1.54876,1.50,1.50
2012.10.01 02:54:42.586,1.54849,1.54877,1.50,1.50
2012.10.01 02:54:57.017,1.54849,1.54878,1.50,1.50
2012.10.01 02:55:19.612,1.54848,1.54878,1.50,1.50
2012.10.01 02:55:22.736,1.54845,1.54878,1.50,1.50
2012.10.01 02:55:22.818,1.54844,1.54874,1.50,1.50
2012.10.01 02:55:31.779,1.54845,1.54874,1.50,1.50
2012.10.01 02:55:42.911,1.54844,1.54874,2.25,1.50
2012.10.01 02:56:03.067,1.54841,1.54869,1.50,1.50
2012.10.01 02:56:18.619,1.54847,1.54875,1.50,1.50
2012.10.01 02:56:18.676,1.54847,1.54876,1.50,1.50
2012.10.01 02:56:19.987,1.54846,1.54875,1.50,1.50
2012.10.01 02:56:24.624,1.5484,1.54873,1.50,2.25
2012.10.01 02:56:24.687,1.54839,1.54869,1.50,1.50
2012.10.01 02:56:44.686,1.54837,1.54868,1.50,2.25
2012.10.01 02:57:04.906,1.54838,1.54868,1.50,1.50
2012.10.01 02:57:13.507,1.54838,1.54868,1.50,1.50
2012.10.01 02:57:15.131,1.54838,1.54868,1.50,1.50
2012.10.01 02:57:15.348,1.54838,1.5487,1.50,1.50
2012.10.01 02:57:24.839,1.54838,1.54869,1.50,1.50
2012.10.01 02:57:26.262,1.54841,1.54871,1.50,2.25
2012.10.01 02:57:40.810,1.54836,1.54871,1.50,2.25
2012.10.01 02:57:40.878,1.54833,1.54865,1.50,1.50
2012.10.01 02:57:50.297,1.54833,1.5487,1.50,1.50
2012.10.01 02:57:50.527,1.54841,1.54871,1.50,1.50
2012.10.01 02:58:04.027,1.5483,1.5487,1.73,1.50
2012.10.01 02:58:04.269,1.5483,1.54862,1.73,1.50
2012.10.01 02:58:25.000,1.54834,1.54866,1.50,1.50
2012.10.01 02:58:43.958,1.54828,1.54863,1.73,1.50
2012.10.01 02:58:44.016,1.54828,1.5486,1.73,1.50
2012.10.01 02:59:04.077,1.54828,1.5486,1.73,1.50
2012.10.01 02:59:11.264,1.54833,1.54861,1.50,1.50
2012.10.01 02:59:11.735,1.5484,1.54862,1.35,1.50
2012.10.01 02:59:12.116,1.5484,1.54861,1.58,1.50
2012.10.01 02:59:14.790,1.54842,1.5487,1.50,1.50
2012.10.01 02:59:14.847,1.54842,1.54871,1.50,1.50
2012.10.01 02:59:19.781,1.54842,1.54871,1.73,1.50
2012.10.01 02:59:20.244,1.5484,1.54864,1.35,1.50
2012.10.01 02:59:21.187,1.54836,1.54864,1.13,1.50
2012.10.01 02:59:21.727,1.54839,1.54864,1.50,1.50
2012.10.01 02:59:22.118,1.54842,1.54871,1.73,1.50
2012.10.01 02:59:23.251,1.54842,1.5487,1.73,1.50
2012.10.01 02:59:23.562,1.54836,1.54863,1.35,1.50
2012.10.01 02:59:24.458,1.54836,1.54863,1.13,1.50
2012.10.01 02:59:25.066,1.54833,1.54863,1.73,2.25
2012.10.01 02:59:25.190,1.54833,1.54862,1.50,1.50
2012.10.01 02:59:26.063,1.54833,1.54863,1.50,2.25
2012.10.01 02:59:35.858,1.54833,1.54862,1.50,1.50
2012.10.01 02:59:39.727,1.54833,1.54862,1.50,1.50
2012.10.01 02:59:40.085,1.54824,1.54853,1.73,1.50
2012.10.01 02:59:40.497,1.54826,1.54859,1.50,1.50
2012.10.01 02:59:40.557,1.5483,1.5486,1.50,1.50
2012.10.01 02:59:41.042,1.54831,1.5486,1.50,1.50
2012.10.01 02:59:54.948,1.54831,1.5486,1.50,1.50
2012.10.01 02:59:55.067,1.5484,1.54869,1.50,1.50
2012.10.01 02:59:55.187,1.54839,1.54868,1.73,1.50
2012.10.01 02:59:55.367,1.54839,1.54868,1.50,1.50
2012.10.01 02:59:56.191,1.54839,1.54868,1.50,1.50
