2014.08.28 03:00:01.846,1.57494,1.57528,1.00,1.50
2014.08.28 03:00:09.025,1.57495,1.57528,1.00,1.00
2014.08.28 03:00:18.595,1.57494,1.57528,1.00,1.00
2014.08.28 03:00:19.185,1.57498,1.57533,1.00,1.00
2014.08.28 03:00:19.593,1.57494,1.57531,1.00,1.00
2014.08.28 03:00:19.695,1.57493,1.57527,1.50,1.00
2014.08.28 03:00:32.725,1.5749,1.57526,1.00,1.00
2014.08.28 03:00:36.320,1.57487,1.57524,1.00,1.00
2014.08.28 03:00:48.200,1.57486,1.5752,1.00,1.00
2014.08.28 03:00:59.039,1.57487,1.57524,1.00,1.00
2014.08.28 03:00:59.344,1.57489,1.57524,1.00,1.00
2014.08.28 03:01:15.484,1.57489,1.57525,1.50,1.00
2014.08.28 03:01:17.168,1.57488,1.57522,1.50,1.00
2014.08.28 03:01:21.701,1.57486,1.57521,1.00,1.00
2014.08.28 03:01:22.856,1.57484,1.57521,1.00,1.00
2014.08.28 03:01:23.267,1.57481,1.57518,1.88,1.00
2014.08.28 03:01:25.734,1.57481,1.57518,1.00,1.00
2014.08.28 03:01:30.874,1.57484,1.57518,1.00,1.00
2014.08.28 03:01:30.927,1.57484,1.5752,1.50,1.00
2014.08.28 03:01:50.451,1.57487,1.57522,1.00,1.00
2014.08.28 03:01:55.283,1.57485,1.57519,1.00,1.00
2014.08.28 03:02:10.896,1.57483,1.57517,1.00,1.00
2014.08.28 03:02:18.852,1.57484,1.57517,1.00,1.00
2014.08.28 03:02:19.622,1.57483,1.57517,1.00,1.00
2014.08.28 03:02:26.922,1.57484,1.57517,1.00,1.00
2014.08.28 03:02:30.411,1.57484,1.57518,1.00,1.00
2014.08.28 03:02:32.862,1.57483,1.57518,1.00,1.00
2014.08.28 03:02:36.356,1.57488,1.57523,1.00,1.00
2014.08.28 03:02:36.507,1.57488,1.57526,1.00,1.50
2014.08.28 03:02:36.558,1.57489,1.57523,1.00,1.00
2014.08.28 03:02:41.771,1.57487,1.57524,1.00,1.00
2014.08.28 03:02:45.885,1.57485,1.5752,1.00,1.00
2014.08.28 03:02:48.535,1.57485,1.5752,1.38,1.00
2014.08.28 03:02:48.984,1.57487,1.57523,1.00,1.00
2014.08.28 03:02:51.192,1.57487,1.57523,1.38,1.00
2014.08.28 03:03:01.672,1.5749,1.57524,1.00,1.00
2014.08.28 03:03:15.828,1.57509,1.57526,1.00,1.00
2014.08.28 03:03:15.879,1.57509,1.57531,1.00,1.50
2014.08.28 03:03:15.930,1.57506,1.57531,1.00,1.00
2014.08.28 03:03:15.981,1.57506,1.57535,1.00,1.00
2014.08.28 03:03:16.133,1.57506,1.57539,1.00,1.00
2014.08.28 03:03:16.438,1.57502,1.57536,1.00,1.00
2014.08.28 03:03:16.741,1.57502,1.57534,1.00,1.00
2014.08.28 03:03:17.044,1.57499,1.57532,1.00,1.00
2014.08.28 03:03:20.662,1.57498,1.57532,1.50,1.00
2014.08.28 03:03:22.607,1.57498,1.57529,1.00,1.00
2014.08.28 03:03:31.054,1.57498,1.5753,1.00,1.00
2014.08.28 03:03:31.155,1.57498,1.57532,1.00,1.00
2014.08.28 03:03:31.357,1.57503,1.57534,1.00,1.00
2014.08.28 03:03:31.559,1.57503,1.57537,1.50,1.00
2014.08.28 03:03:32.581,1.57504,1.57537,1.00,1.00
2014.08.28 03:03:32.834,1.57506,1.57542,1.00,1.00
2014.08.28 03:03:41.142,1.57506,1.57541,1.00,1.00
2014.08.28 03:03:42.363,1.5751,1.57541,1.00,1.00
2014.08.28 03:03:42.750,1.5751,1.57541,1.75,1.00
2014.08.28 03:03:43.262,1.57514,1.57542,1.50,1.50
2014.08.28 03:03:43.414,1.57514,1.57542,1.38,1.00
2014.08.28 03:03:44.917,1.57514,1.57542,1.38,1.00
2014.08.28 03:03:45.312,1.57514,1.57542,1.00,1.00
2014.08.28 03:03:45.364,1.5752,1.57546,1.00,1.00
2014.08.28 03:03:45.465,1.5752,1.57555,1.00,1.50
2014.08.28 03:03:45.567,1.57524,1.57555,1.00,1.00
2014.08.28 03:03:45.617,1.57524,1.57557,1.00,1.00
2014.08.28 03:03:45.669,1.57528,1.57562,1.00,1.00
2014.08.28 03:03:45.770,1.57534,1.57563,1.00,1.00
2014.08.28 03:03:45.871,1.57528,1.57561,1.00,1.00
2014.08.28 03:03:46.023,1.57528,1.57564,1.00,2.25
2014.08.28 03:03:46.590,1.57528,1.57563,1.00,1.00
2014.08.28 03:03:47.182,1.57528,1.57564,1.00,2.25
2014.08.28 03:04:04.076,1.57528,1.57564,1.75,2.25
2014.08.28 03:04:04.670,1.57531,1.57565,1.50,1.00
2014.08.28 03:04:05.171,1.57531,1.57564,1.50,1.00
2014.08.28 03:04:05.756,1.57531,1.57564,1.75,1.00
2014.08.28 03:04:06.078,1.57546,1.57568,1.38,1.00
2014.08.28 03:04:06.231,1.57548,1.5758,1.50,1.00
2014.08.28 03:04:06.332,1.57548,1.57583,1.50,1.00
2014.08.28 03:04:06.382,1.57547,1.57581,1.00,1.00
2014.08.28 03:04:06.484,1.57545,1.57581,1.00,1.00
2014.08.28 03:04:06.686,1.57545,1.57579,1.00,1.00
2014.08.28 03:04:06.788,1.57542,1.57577,1.00,1.00
2014.08.28 03:04:06.889,1.57539,1.57569,1.00,1.00
2014.08.28 03:04:06.940,1.57537,1.57569,1.00,1.00
2014.08.28 03:04:06.991,1.57534,1.57569,1.00,1.00
2014.08.28 03:04:07.092,1.57531,1.57567,1.13,1.00
2014.08.28 03:04:07.143,1.57531,1.57565,1.13,1.00
2014.08.28 03:04:07.988,1.57531,1.57565,1.38,1.00
2014.08.28 03:04:09.409,1.57535,1.57565,1.38,1.00
2014.08.28 03:04:09.459,1.57535,1.57569,1.38,1.00
2014.08.28 03:04:09.821,1.57539,1.57571,1.50,1.00
2014.08.28 03:04:10.133,1.5754,1.57573,1.13,1.00
2014.08.28 03:04:10.575,1.57544,1.57573,1.50,1.00
2014.08.28 03:04:11.237,1.57544,1.57572,1.50,1.00
2014.08.28 03:04:11.540,1.57544,1.57576,1.88,1.00
2014.08.28 03:04:11.591,1.57544,1.57576,1.88,1.00
2014.08.28 03:04:11.893,1.57544,1.57577,3.00,1.00
2014.08.28 03:04:11.944,1.57544,1.57576,2.25,1.00
2014.08.28 03:04:12.196,1.57544,1.5758,2.25,1.00
2014.08.28 03:04:12.499,1.5755,1.57586,1.00,1.88
2014.08.28 03:04:12.802,1.5756,1.5759,1.60,1.00
2014.08.28 03:04:12.852,1.5756,1.5759,1.00,1.00
2014.08.28 03:04:12.953,1.57559,1.57588,1.00,1.00
2014.08.28 03:04:13.256,1.57564,1.576,1.00,1.00
2014.08.28 03:04:29.347,1.57563,1.57597,1.00,1.00
2014.08.28 03:04:34.257,1.57565,1.576,1.00,1.00
2014.08.28 03:04:36.429,1.57565,1.576,1.38,1.50
2014.08.28 03:04:37.084,1.57568,1.576,1.00,1.00
2014.08.28 03:04:37.839,1.57564,1.57598,1.00,1.00
2014.08.28 03:04:38.041,1.57564,1.57598,1.38,1.00
2014.08.28 03:04:38.142,1.57564,1.57598,1.50,1.00
2014.08.28 03:04:43.102,1.57564,1.57598,1.38,1.00
2014.08.28 03:04:45.733,1.57564,1.57598,1.00,1.00
2014.08.28 03:04:50.735,1.57564,1.57598,1.38,1.00
2014.08.28 03:04:52.362,1.5756,1.57596,1.88,1.00
2014.08.28 03:04:52.564,1.57563,1.57599,1.50,1.00
2014.08.28 03:04:52.866,1.57559,1.5759,2.25,1.00
2014.08.28 03:04:52.917,1.57559,1.5759,1.38,1.00
2014.08.28 03:04:54.063,1.57559,1.5759,1.38,1.00
2014.08.28 03:04:54.601,1.57559,1.5759,1.38,1.00
2014.08.28 03:04:57.379,1.57552,1.57589,1.75,1.00
2014.08.28 03:04:57.480,1.57552,1.57587,1.75,1.00
2014.08.28 03:04:58.391,1.57556,1.57589,1.75,1.00
2014.08.28 03:04:58.807,1.57556,1.5759,1.75,1.50
2014.08.28 03:05:02.782,1.57554,1.57585,1.75,1.00
2014.08.28 03:05:02.833,1.57554,1.57585,1.00,1.00
2014.08.28 03:05:02.884,1.57554,1.57583,1.00,1.00
2014.08.28 03:05:03.035,1.57544,1.57579,1.00,1.38
2014.08.28 03:05:03.086,1.57544,1.57569,1.00,1.00
2014.08.28 03:05:03.238,1.57539,1.57567,1.00,1.00
2014.08.28 03:05:03.389,1.57538,1.57565,1.00,1.00
2014.08.28 03:05:03.440,1.57535,1.57565,1.00,1.00
2014.08.28 03:05:03.541,1.57536,1.57568,1.00,1.00
2014.08.28 03:05:03.642,1.57529,1.57568,1.00,1.00
2014.08.28 03:05:04.078,1.57525,1.57559,1.00,1.00
2014.08.28 03:05:04.280,1.57525,1.57564,1.00,1.00
2014.08.28 03:05:04.482,1.57525,1.57559,1.00,1.00
2014.08.28 03:05:04.785,1.5753,1.57564,1.60,1.00
2014.08.28 03:05:05.436,1.5753,1.57564,2.25,1.00
2014.08.28 03:05:06.068,1.57532,1.57564,1.00,1.00
2014.08.28 03:05:07.328,1.57532,1.57563,1.00,1.00
2014.08.28 03:05:07.530,1.5753,1.57565,1.50,1.00
2014.08.28 03:05:08.153,1.5753,1.5756,1.50,1.00
2014.08.28 03:05:09.012,1.5753,1.57556,1.50,1.00
2014.08.28 03:05:09.113,1.5753,1.57559,1.00,1.00
2014.08.28 03:05:09.843,1.57527,1.57559,1.80,1.00
2014.08.28 03:05:10.242,1.57527,1.57556,1.60,1.00
2014.08.28 03:05:10.343,1.57527,1.5756,1.60,1.00
2014.08.28 03:05:10.494,1.57529,1.57562,1.00,1.00
2014.08.28 03:05:10.747,1.5753,1.57565,1.00,1.50
2014.08.28 03:05:17.905,1.57532,1.57569,1.00,1.00
2014.08.28 03:05:17.955,1.57535,1.57569,1.13,1.00
2014.08.28 03:05:18.006,1.57537,1.57572,1.00,1.00
2014.08.28 03:05:18.158,1.57535,1.57576,1.38,1.50
2014.08.28 03:05:18.209,1.5754,1.57576,1.00,1.00
2014.08.28 03:05:18.541,1.57546,1.57575,1.00,1.00
2014.08.28 03:05:18.642,1.57546,1.5758,1.00,1.00
2014.08.28 03:05:21.416,1.57545,1.57579,1.00,1.00
2014.08.28 03:05:22.616,1.57544,1.57572,1.00,1.00
2014.08.28 03:05:22.919,1.57536,1.57572,1.50,1.00
2014.08.28 03:05:24.657,1.57534,1.57568,1.00,1.00
2014.08.28 03:05:24.960,1.57534,1.57565,1.00,1.00
2014.08.28 03:05:28.386,1.57533,1.57565,1.00,1.00
2014.08.28 03:05:28.438,1.57533,1.57567,1.00,1.00
2014.08.28 03:05:39.616,1.57533,1.57564,1.00,1.00
2014.08.28 03:05:39.726,1.57533,1.57567,1.00,1.00
2014.08.28 03:05:43.857,1.57533,1.57564,1.00,1.00
2014.08.28 03:05:43.908,1.57528,1.57564,1.00,1.00
2014.08.28 03:05:44.161,1.57526,1.5756,1.00,1.00
2014.08.28 03:05:44.695,1.57532,1.5756,1.00,1.00
2014.08.28 03:05:47.069,1.57532,1.57564,1.00,1.00
2014.08.28 03:05:47.120,1.57534,1.57564,1.00,1.00
2014.08.28 03:05:52.853,1.57532,1.57564,1.00,1.00
2014.08.28 03:05:52.955,1.5753,1.57564,1.00,1.00
2014.08.28 03:05:53.006,1.5753,1.57561,1.00,1.00
2014.08.28 03:05:56.766,1.57533,1.57561,1.00,1.00
2014.08.28 03:05:56.868,1.57533,1.57564,1.00,1.00
2014.08.28 03:05:57.377,1.57534,1.57564,1.00,1.00
2014.08.28 03:06:01.428,1.57544,1.57564,1.00,1.00
2014.08.28 03:06:01.998,1.57544,1.57568,1.00,1.00
2014.08.28 03:06:02.200,1.57543,1.57571,1.00,1.00
2014.08.28 03:06:02.352,1.57544,1.57578,1.13,1.00
2014.08.28 03:06:02.402,1.57547,1.57578,1.00,1.00
2014.08.28 03:06:02.503,1.57544,1.57578,1.13,1.00
2014.08.28 03:06:02.676,1.57544,1.57578,1.38,1.00
2014.08.28 03:06:02.727,1.57546,1.5758,1.38,1.00
2014.08.28 03:06:03.271,1.57548,1.5758,1.00,1.00
2014.08.28 03:06:03.724,1.57548,1.57583,1.00,1.00
2014.08.28 03:06:05.999,1.57548,1.5758,1.00,1.00
2014.08.28 03:06:10.574,1.57551,1.5758,1.00,1.00
2014.08.28 03:06:18.475,1.57544,1.5758,1.50,1.00
2014.08.28 03:06:18.677,1.5755,1.5758,1.00,1.00
2014.08.28 03:06:19.113,1.5755,1.57577,1.00,1.00
2014.08.28 03:06:19.435,1.57545,1.57577,1.00,1.00
2014.08.28 03:06:20.027,1.57545,1.57575,1.00,1.00
2014.08.28 03:06:20.329,1.57542,1.57572,1.00,1.00
2014.08.28 03:06:20.632,1.57542,1.57569,1.00,1.00
2014.08.28 03:06:20.683,1.57537,1.57569,1.00,1.00
2014.08.28 03:06:20.784,1.57533,1.57566,1.00,1.00
2014.08.28 03:06:22.221,1.57536,1.57566,1.00,1.00
2014.08.28 03:06:23.066,1.57534,1.57566,1.00,1.00
2014.08.28 03:06:24.958,1.57539,1.57566,1.00,1.00
2014.08.28 03:06:26.700,1.57538,1.57566,1.00,1.00
2014.08.28 03:06:30.109,1.57544,1.57566,1.00,1.00
2014.08.28 03:06:30.159,1.57544,1.57574,1.00,1.13
2014.08.28 03:06:30.261,1.57549,1.57574,1.00,1.00
2014.08.28 03:06:30.312,1.57549,1.57577,1.00,1.50
2014.08.28 03:06:30.362,1.57549,1.5757,1.00,1.00
2014.08.28 03:06:30.465,1.5754,1.57567,1.00,1.00
2014.08.28 03:06:31.677,1.57551,1.57577,1.00,1.13
2014.08.28 03:06:31.778,1.57546,1.57577,1.00,1.00
2014.08.28 03:06:31.880,1.5754,1.57568,1.38,1.00
2014.08.28 03:06:32.015,1.57538,1.57566,1.00,1.00
2014.08.28 03:06:32.217,1.57541,1.57566,1.00,1.00
2014.08.28 03:06:32.419,1.57537,1.57566,1.00,1.00
2014.08.28 03:06:33.046,1.5754,1.57569,1.00,1.00
2014.08.28 03:06:33.096,1.57543,1.57574,1.00,1.13
2014.08.28 03:06:33.147,1.57543,1.57572,1.00,1.00
2014.08.28 03:06:33.248,1.57547,1.57577,1.00,1.00
2014.08.28 03:06:33.349,1.57547,1.57572,1.00,1.00
2014.08.28 03:06:33.450,1.57537,1.57569,1.00,1.00
2014.08.28 03:06:33.551,1.57537,1.57566,1.00,1.00
2014.08.28 03:06:33.864,1.57541,1.57566,1.00,1.00
2014.08.28 03:06:33.966,1.57531,1.57566,1.50,1.00
2014.08.28 03:06:34.169,1.57534,1.57566,1.00,1.00
2014.08.28 03:06:36.586,1.57544,1.57571,1.00,1.00
2014.08.28 03:06:36.687,1.57544,1.57573,1.00,1.00
2014.08.28 03:06:36.788,1.57544,1.57575,1.00,1.00
2014.08.28 03:06:36.889,1.57537,1.57569,1.38,1.00
2014.08.28 03:06:36.940,1.57533,1.57569,1.50,2.25
2014.08.28 03:06:36.991,1.57533,1.57566,1.00,1.00
2014.08.28 03:06:37.579,1.57534,1.57566,1.00,1.00
2014.08.28 03:06:39.199,1.57534,1.57568,2.25,1.00
2014.08.28 03:06:39.250,1.57537,1.57568,1.00,1.00
2014.08.28 03:06:39.352,1.57534,1.57568,1.50,1.00
2014.08.28 03:06:42.473,1.57536,1.57571,1.00,1.00
2014.08.28 03:06:46.688,1.57536,1.57569,1.00,1.00
2014.08.28 03:06:54.416,1.57534,1.57568,1.50,1.00
2014.08.28 03:07:05.307,1.57529,1.57563,1.50,1.00
2014.08.28 03:07:34.155,1.57529,1.57561,1.00,1.00
2014.08.28 03:07:34.206,1.57524,1.57561,1.00,1.00
2014.08.28 03:07:34.358,1.57524,1.57559,1.00,1.00
2014.08.28 03:07:34.689,1.57523,1.57557,1.00,1.00
2014.08.28 03:07:35.115,1.57523,1.57555,1.00,1.00
2014.08.28 03:07:35.352,1.5752,1.57555,1.50,1.00
2014.08.28 03:07:35.655,1.57518,1.57551,1.00,1.00
2014.08.28 03:07:35.907,1.57516,1.57551,1.00,1.50
2014.08.28 03:07:35.958,1.57514,1.57548,1.50,1.00
2014.08.28 03:07:49.735,1.57514,1.57547,1.50,1.00
2014.08.28 03:07:50.249,1.57514,1.57548,1.00,1.50
2014.08.28 03:07:50.300,1.57509,1.57544,1.50,1.00
2014.08.28 03:07:50.603,1.57507,1.57541,1.13,1.00
2014.08.28 03:07:50.906,1.57514,1.57545,1.00,1.00
2014.08.28 03:07:51.628,1.57509,1.57545,1.50,1.00
2014.08.28 03:07:52.713,1.5751,1.57545,1.00,1.00
2014.08.28 03:07:53.469,1.57509,1.57545,1.50,1.00
2014.08.28 03:07:55.365,1.57514,1.57545,1.00,1.00
2014.08.28 03:07:58.402,1.57514,1.57547,1.00,1.50
2014.08.28 03:08:00.101,1.57511,1.57547,1.00,1.50
2014.08.28 03:08:01.656,1.57524,1.57547,1.00,1.00
2014.08.28 03:08:01.707,1.57524,1.57549,1.00,1.00
2014.08.28 03:08:01.858,1.57519,1.57549,1.38,1.00
2014.08.28 03:08:01.959,1.57513,1.57546,1.00,1.00
2014.08.28 03:08:02.211,1.57514,1.57548,1.50,1.50
2014.08.28 03:08:02.262,1.57514,1.57546,1.50,1.00
2014.08.28 03:08:02.363,1.57514,1.57548,1.50,1.00
2014.08.28 03:08:11.160,1.5751,1.57544,1.00,1.00
2014.08.28 03:08:11.474,1.57507,1.57541,1.00,1.00
2014.08.28 03:08:12.345,1.57504,1.57539,1.50,1.00
2014.08.28 03:08:16.771,1.57503,1.57537,1.00,1.00
2014.08.28 03:08:19.048,1.57503,1.57533,1.00,1.00
2014.08.28 03:08:20.053,1.57499,1.57533,1.38,1.00
2014.08.28 03:08:23.318,1.57499,1.57533,1.00,1.00
2014.08.28 03:08:23.369,1.57509,1.57537,1.00,1.00
2014.08.28 03:08:23.677,1.57513,1.57539,1.00,1.00
2014.08.28 03:08:23.728,1.57513,1.57545,1.00,1.00
2014.08.28 03:08:24.245,1.57514,1.57545,1.00,1.50
2014.08.28 03:08:24.858,1.57513,1.57545,1.00,1.00
2014.08.28 03:08:25.414,1.57511,1.57545,1.00,1.00
2014.08.28 03:08:25.515,1.57509,1.57545,1.00,1.00
2014.08.28 03:08:25.855,1.57514,1.57545,1.00,1.50
2014.08.28 03:08:26.057,1.57512,1.57545,1.00,1.00
2014.08.28 03:08:26.662,1.57509,1.57545,1.00,1.00
2014.08.28 03:08:26.804,1.57514,1.57545,1.00,1.00
2014.08.28 03:08:27.157,1.5751,1.57545,1.00,1.00
2014.08.28 03:08:27.687,1.57512,1.57545,1.00,1.50
2014.08.28 03:08:27.788,1.57509,1.57545,1.00,1.50
2014.08.28 03:08:28.416,1.57511,1.57545,1.00,1.00
2014.08.28 03:08:28.718,1.57513,1.57545,1.00,1.00
2014.08.28 03:08:28.819,1.57509,1.57545,1.50,1.00
2014.08.28 03:08:29.374,1.57514,1.57545,1.00,1.50
2014.08.28 03:08:29.912,1.57512,1.57545,1.00,1.00
2014.08.28 03:08:30.676,1.57513,1.57545,1.00,1.50
2014.08.28 03:08:31.035,1.57511,1.57545,1.00,1.00
2014.08.28 03:08:31.136,1.57514,1.57545,1.00,1.00
2014.08.28 03:08:31.644,1.57513,1.57545,1.00,1.00
2014.08.28 03:08:32.199,1.57514,1.57545,1.00,1.00
2014.08.28 03:08:32.932,1.57509,1.57545,1.00,1.00
2014.08.28 03:08:38.904,1.57516,1.57545,1.00,1.00
2014.08.28 03:08:39.005,1.57514,1.57545,1.00,1.00
2014.08.28 03:08:39.132,1.57511,1.57545,1.00,1.00
2014.08.28 03:08:39.445,1.57509,1.57545,1.00,1.00
2014.08.28 03:08:39.893,1.57507,1.57541,1.00,1.00
2014.08.28 03:08:40.094,1.57503,1.57539,1.50,1.00
2014.08.28 03:08:40.600,1.57503,1.57538,1.50,1.00
2014.08.28 03:08:41.106,1.57503,1.57536,1.50,1.00
2014.08.28 03:08:42.687,1.57501,1.57534,1.00,1.00
2014.08.28 03:08:45.226,1.57501,1.57533,1.00,1.00
2014.08.28 03:08:45.478,1.57498,1.57533,1.00,1.00
2014.08.28 03:08:45.928,1.57498,1.57531,1.00,1.00
2014.08.28 03:08:46.234,1.57494,1.57529,1.00,1.00
2014.08.28 03:08:46.474,1.57494,1.57527,1.00,1.00
2014.08.28 03:08:47.095,1.5749,1.57527,1.00,1.50
2014.08.28 03:08:49.582,1.57494,1.57527,1.00,1.50
2014.08.28 03:08:50.142,1.57493,1.57527,1.00,1.50
2014.08.28 03:08:52.722,1.57494,1.57527,1.00,1.00
2014.08.28 03:08:58.462,1.57494,1.57528,1.00,1.50
2014.08.28 03:09:06.362,1.57495,1.57528,1.00,1.50
2014.08.28 03:09:06.514,1.57496,1.57531,1.00,3.00
2014.08.28 03:09:06.869,1.57504,1.57531,1.00,3.00
2014.08.28 03:09:07.071,1.57496,1.57531,1.00,3.00
2014.08.28 03:09:16.372,1.57499,1.57531,1.00,3.00
2014.08.28 03:09:16.674,1.57504,1.57531,1.00,2.25
2014.08.28 03:09:17.284,1.57504,1.57534,1.00,1.50
2014.08.28 03:09:18.657,1.57504,1.57535,1.00,1.00
2014.08.28 03:09:18.758,1.57504,1.57538,1.50,1.00
2014.08.28 03:09:19.173,1.57506,1.57541,1.00,1.00
2014.08.28 03:09:19.410,1.57513,1.57541,1.00,1.00
2014.08.28 03:09:20.914,1.57513,1.57542,1.00,1.00
2014.08.28 03:09:22.921,1.57514,1.57542,1.00,1.00
2014.08.28 03:09:23.652,1.57513,1.57542,1.00,1.00
2014.08.28 03:09:32.613,1.57506,1.57542,1.00,1.00
2014.08.28 03:09:32.967,1.57505,1.57536,1.00,1.00
2014.08.28 03:09:33.270,1.57504,1.57534,1.00,1.00
2014.08.28 03:09:33.371,1.57501,1.57534,1.00,1.00
2014.08.28 03:09:33.472,1.57499,1.57534,1.00,1.00
2014.08.28 03:09:34.180,1.57498,1.57532,1.00,1.00
2014.08.28 03:09:40.404,1.57498,1.5753,1.00,1.00
2014.08.28 03:09:59.319,1.57498,1.57532,1.00,1.00
2014.08.28 03:10:12.498,1.57499,1.57532,1.00,1.00
2014.08.28 03:10:13.212,1.57499,1.57529,1.00,1.00
2014.08.28 03:10:13.263,1.57497,1.57529,1.00,1.00
2014.08.28 03:10:15.460,1.57495,1.57529,1.50,1.00
2014.08.28 03:10:16.139,1.57496,1.57529,1.00,1.00
2014.08.28 03:10:23.689,1.57498,1.57529,1.00,1.00
2014.08.28 03:10:23.739,1.57498,1.57533,1.00,1.00
2014.08.28 03:10:23.941,1.57496,1.57533,1.50,1.00
2014.08.28 03:10:23.992,1.57504,1.57533,1.00,1.00
2014.08.28 03:10:24.496,1.57504,1.57534,1.00,1.00
2014.08.28 03:10:27.374,1.57504,1.57537,1.00,1.00
2014.08.28 03:10:29.428,1.57504,1.57535,1.00,1.00
2014.08.28 03:10:30.003,1.57504,1.57534,1.00,1.50
2014.08.28 03:10:50.565,1.57497,1.57534,1.13,1.00
2014.08.28 03:10:56.136,1.57497,1.57533,1.13,1.00
2014.08.28 03:10:56.642,1.57495,1.57532,1.38,1.00
2014.08.28 03:11:00.666,1.57495,1.57525,1.00,1.00
2014.08.28 03:11:00.717,1.57493,1.57525,1.00,1.00
2014.08.28 03:11:00.768,1.57493,1.57528,1.00,1.00
2014.08.28 03:11:01.329,1.57494,1.57528,1.00,1.00
2014.08.28 03:11:03.825,1.57494,1.57526,1.00,1.00
2014.08.28 03:11:03.926,1.5749,1.57526,1.00,1.50
2014.08.28 03:11:03.977,1.5749,1.57522,1.00,1.00
2014.08.28 03:11:04.128,1.57486,1.57519,1.00,1.00
2014.08.28 03:11:04.330,1.57483,1.57516,1.00,1.00
2014.08.28 03:11:04.873,1.57483,1.57515,1.00,1.00
2014.08.28 03:11:05.658,1.57482,1.57515,1.00,1.00
2014.08.28 03:11:06.963,1.57484,1.57515,1.00,1.00
2014.08.28 03:11:07.938,1.57484,1.57516,1.00,1.00
2014.08.28 03:11:11.643,1.57484,1.5752,1.00,1.00
2014.08.28 03:11:12.140,1.57493,1.57522,1.00,1.50
2014.08.28 03:11:12.241,1.57493,1.57526,1.00,3.00
2014.08.28 03:11:12.342,1.57493,1.57522,1.00,1.00
2014.08.28 03:11:12.394,1.57488,1.57522,1.38,1.00
2014.08.28 03:11:12.444,1.57488,1.57516,1.38,1.00
2014.08.28 03:11:12.545,1.57488,1.57519,1.00,1.00
2014.08.28 03:11:12.646,1.57486,1.57516,1.00,1.00
2014.08.28 03:11:12.697,1.57484,1.57516,1.00,1.00
2014.08.28 03:11:13.126,1.57494,1.57517,1.00,1.00
2014.08.28 03:11:13.634,1.57494,1.57518,1.00,1.00
2014.08.28 03:11:15.329,1.57484,1.57518,1.00,1.00
2014.08.28 03:11:17.033,1.57484,1.57519,1.50,1.00
2014.08.28 03:11:17.083,1.57494,1.57519,1.00,1.00
2014.08.28 03:11:17.235,1.57494,1.57526,1.50,1.50
2014.08.28 03:11:17.437,1.57493,1.57522,1.00,1.00
2014.08.28 03:11:17.614,1.57486,1.57522,1.50,1.00
2014.08.28 03:11:17.665,1.57494,1.57522,1.00,1.00
2014.08.28 03:11:17.873,1.57486,1.57522,1.00,1.00
2014.08.28 03:11:18.585,1.57493,1.57525,1.00,1.00
2014.08.28 03:11:18.939,1.57491,1.57526,1.00,1.50
2014.08.28 03:11:18.990,1.57488,1.57524,1.00,1.00
2014.08.28 03:11:19.040,1.57492,1.57521,1.00,1.00
2014.08.28 03:11:19.293,1.57487,1.57521,1.00,1.00
2014.08.28 03:11:19.394,1.57485,1.57521,1.00,1.00
2014.08.28 03:11:19.856,1.57504,1.57525,1.00,1.00
2014.08.28 03:11:20.108,1.57504,1.57528,1.00,1.00
2014.08.28 03:11:20.159,1.57494,1.57527,1.50,1.00
2014.08.28 03:11:20.260,1.57494,1.57524,1.50,1.00
2014.08.28 03:11:21.092,1.57494,1.57526,1.50,1.50
2014.08.28 03:11:21.193,1.57504,1.57526,1.00,1.50
2014.08.28 03:11:21.394,1.57504,1.57532,1.00,2.25
2014.08.28 03:11:26.350,1.57496,1.57532,1.00,2.25
2014.08.28 03:11:26.401,1.57494,1.57529,1.50,1.00
2014.08.28 03:11:26.704,1.57494,1.57523,1.00,1.00
2014.08.28 03:11:26.865,1.57489,1.57523,1.00,1.00
2014.08.28 03:11:38.307,1.57484,1.57519,1.00,1.00
2014.08.28 03:11:38.811,1.57484,1.57518,1.00,1.00
2014.08.28 03:11:38.862,1.57493,1.57518,1.00,1.00
2014.08.28 03:11:38.912,1.57493,1.5752,1.00,1.00
2014.08.28 03:11:38.963,1.57493,1.57523,1.00,1.00
2014.08.28 03:11:39.014,1.57494,1.57525,1.00,1.00
2014.08.28 03:11:39.216,1.57491,1.57521,1.00,1.00
2014.08.28 03:11:39.418,1.57487,1.57521,1.00,1.00
2014.08.28 03:11:39.519,1.57481,1.57517,1.50,1.00
2014.08.28 03:11:40.073,1.57494,1.57517,1.00,1.00
2014.08.28 03:11:40.224,1.57494,1.57523,1.00,1.00
2014.08.28 03:11:40.325,1.57494,1.57525,1.00,1.00
2014.08.28 03:11:40.527,1.57493,1.57527,1.00,4.50
2014.08.28 03:11:41.355,1.57493,1.57523,1.00,1.00
2014.08.28 03:11:41.510,1.57487,1.57521,1.50,1.00
2014.08.28 03:11:42.014,1.57484,1.57519,1.00,1.00
2014.08.28 03:11:42.524,1.57483,1.57519,1.88,1.00
2014.08.28 03:11:44.152,1.57494,1.57519,1.00,1.00
2014.08.28 03:11:44.404,1.57484,1.57519,1.00,1.00
2014.08.28 03:11:45.321,1.57485,1.5752,1.00,1.50
2014.08.28 03:11:50.534,1.57494,1.5752,1.00,1.50
2014.08.28 03:11:51.365,1.57494,1.57522,1.00,1.00
2014.08.28 03:11:51.516,1.57494,1.57526,1.00,1.50
2014.08.28 03:11:51.718,1.57489,1.57526,1.38,1.50
2014.08.28 03:11:51.870,1.57494,1.57526,1.00,1.50
2014.08.28 03:11:53.405,1.57494,1.57519,1.00,1.00
2014.08.28 03:11:53.759,1.57494,1.57524,1.00,1.00
2014.08.28 03:11:54.077,1.57504,1.57524,1.00,1.00
2014.08.28 03:11:54.128,1.57504,1.57526,1.00,2.25
2014.08.28 03:11:54.279,1.57496,1.57526,1.00,1.50
2014.08.28 03:11:54.532,1.57504,1.57526,1.00,1.50
2014.08.28 03:11:54.733,1.57494,1.57526,1.00,1.50
2014.08.28 03:11:54.835,1.57496,1.57526,1.00,1.50
2014.08.28 03:11:55.417,1.57494,1.57526,1.00,1.50
2014.08.28 03:12:01.318,1.57493,1.57526,1.00,1.50
2014.08.28 03:12:01.448,1.57491,1.57525,1.50,1.00
2014.08.28 03:12:02.348,1.57495,1.57526,1.00,1.50
2014.08.28 03:12:02.953,1.57492,1.57524,1.50,1.00
2014.08.28 03:12:03.054,1.57492,1.57526,1.00,2.25
2014.08.28 03:12:06.169,1.57496,1.57526,1.00,1.50
2014.08.28 03:12:06.220,1.57496,1.57532,1.00,1.50
2014.08.28 03:12:06.623,1.57504,1.57532,1.00,1.00
2014.08.28 03:12:08.385,1.57517,1.57533,1.00,1.00
2014.08.28 03:12:08.436,1.57517,1.57536,1.00,1.50
2014.08.28 03:12:08.487,1.57513,1.57536,1.00,1.50
2014.08.28 03:12:08.587,1.57513,1.57539,2.25,2.25
2014.08.28 03:12:08.688,1.57516,1.57538,1.00,1.50
2014.08.28 03:12:08.955,1.57516,1.5755,1.50,1.00
2014.08.28 03:12:09.375,1.57516,1.57547,1.50,1.00
2014.08.28 03:12:09.678,1.57517,1.57549,1.00,1.00
2014.08.28 03:12:10.629,1.57515,1.57549,1.00,1.00
2014.08.28 03:12:10.680,1.57515,1.57545,1.00,1.00
2014.08.28 03:12:10.781,1.5751,1.57544,1.00,1.00
2014.08.28 03:12:10.882,1.57508,1.57544,1.00,1.50
2014.08.28 03:12:10.932,1.57508,1.57542,1.00,1.00
2014.08.28 03:12:11.480,1.57508,1.57541,1.00,1.00
2014.08.28 03:12:11.784,1.57511,1.57541,1.00,1.00
2014.08.28 03:12:13.169,1.57512,1.57541,1.00,1.00
2014.08.28 03:12:13.321,1.57514,1.57544,1.00,1.50
2014.08.28 03:12:19.931,1.57509,1.57544,1.00,1.00
2014.08.28 03:12:20.361,1.57513,1.57544,1.00,1.00
2014.08.28 03:12:20.513,1.57514,1.57548,1.00,1.50
2014.08.28 03:12:20.971,1.57517,1.57548,1.00,1.00
2014.08.28 03:12:21.452,1.57517,1.57551,1.00,1.00
2014.08.28 03:12:21.503,1.57514,1.57548,1.50,1.00
2014.08.28 03:12:29.172,1.57514,1.57547,1.00,1.00
2014.08.28 03:12:29.501,1.57513,1.57545,1.00,1.00
2014.08.28 03:12:32.774,1.57511,1.57545,1.00,1.00
2014.08.28 03:12:43.414,1.57508,1.57542,1.50,1.00
2014.08.28 03:12:43.718,1.57504,1.57533,1.00,1.00
2014.08.28 03:12:43.970,1.575,1.57533,1.00,1.00
2014.08.28 03:12:44.324,1.57496,1.5753,1.00,1.00
2014.08.28 03:12:44.677,1.57496,1.57527,1.00,1.50
2014.08.28 03:12:46.009,1.57494,1.57526,1.00,1.00
2014.08.28 03:12:46.312,1.5749,1.57526,1.13,1.00
2014.08.28 03:12:46.853,1.57494,1.57526,1.00,1.00
2014.08.28 03:12:47.634,1.57504,1.57527,1.00,1.50
2014.08.28 03:12:47.786,1.57504,1.57532,1.00,1.00
2014.08.28 03:12:48.403,1.57504,1.57533,1.00,1.50
2014.08.28 03:12:49.088,1.575,1.57533,1.50,1.50
2014.08.28 03:12:49.139,1.57497,1.57533,1.00,2.25
2014.08.28 03:12:49.341,1.57495,1.5753,1.00,1.00
2014.08.28 03:12:51.017,1.57494,1.57526,1.00,1.00
2014.08.28 03:12:51.319,1.5748,1.57498,1.00,1.00
2014.08.28 03:12:51.471,1.57474,1.57498,1.00,1.50
2014.08.28 03:12:51.622,1.57465,1.57498,1.00,1.50
2014.08.28 03:12:51.673,1.57465,1.57496,1.00,1.00
2014.08.28 03:12:52.217,1.57464,1.57498,1.50,1.50
2014.08.28 03:12:52.622,1.57483,1.57498,1.00,1.00
2014.08.28 03:12:52.774,1.57483,1.57506,1.00,1.00
2014.08.28 03:12:52.875,1.57483,1.57508,1.00,1.00
2014.08.28 03:12:52.976,1.57474,1.5751,1.50,1.00
2014.08.28 03:12:53.026,1.57474,1.57507,1.00,1.00
2014.08.28 03:12:53.330,1.57474,1.57503,1.00,1.00
2014.08.28 03:12:53.380,1.57469,1.57503,1.00,1.00
2014.08.28 03:12:54.350,1.57466,1.575,1.00,1.00
2014.08.28 03:12:57.091,1.57474,1.575,1.00,1.00
2014.08.28 03:12:58.863,1.57484,1.57507,1.00,1.00
2014.08.28 03:12:59.065,1.57474,1.57508,2.25,1.00
2014.08.28 03:13:00.387,1.57483,1.57508,1.00,1.00
2014.08.28 03:13:00.437,1.57483,1.57513,1.00,1.20
2014.08.28 03:13:02.033,1.57484,1.57513,1.00,1.00
2014.08.28 03:13:02.234,1.57484,1.57515,1.00,1.50
2014.08.28 03:13:04.123,1.57494,1.57515,1.00,1.50
2014.08.28 03:13:06.873,1.57483,1.57515,1.00,1.50
2014.08.28 03:13:08.784,1.57484,1.57515,1.00,1.50
2014.08.28 03:13:13.853,1.57484,1.57514,1.00,1.00
2014.08.28 03:13:23.404,1.57494,1.57514,1.00,1.00
2014.08.28 03:13:23.455,1.57494,1.57519,1.00,1.20
2014.08.28 03:13:23.506,1.57494,1.57527,1.50,1.50
2014.08.28 03:13:23.708,1.57496,1.57531,1.00,1.00
2014.08.28 03:13:23.860,1.57504,1.57531,1.00,1.00
2014.08.28 03:13:23.911,1.57504,1.57533,1.00,1.00
2014.08.28 03:13:25.666,1.57504,1.57536,1.00,1.00
2014.08.28 03:13:26.133,1.575,1.57536,1.00,1.00
2014.08.28 03:13:26.184,1.57498,1.57533,1.00,1.00
2014.08.28 03:13:27.772,1.57503,1.57533,1.00,1.00
2014.08.28 03:13:27.994,1.57503,1.57535,1.00,1.00
2014.08.28 03:13:28.694,1.57498,1.57532,1.00,1.00
2014.08.28 03:13:32.208,1.57496,1.5753,1.00,1.00
2014.08.28 03:13:33.014,1.57495,1.57527,1.00,1.00
2014.08.28 03:13:34.653,1.57495,1.57524,1.00,1.00
2014.08.28 03:13:34.704,1.57491,1.57524,1.00,1.00
2014.08.28 03:13:34.906,1.57491,1.57518,1.00,1.00
2014.08.28 03:13:35.208,1.57489,1.57514,1.00,1.00
2014.08.28 03:13:35.521,1.57486,1.57514,1.00,1.00
2014.08.28 03:13:36.687,1.57484,1.57514,1.88,1.00
2014.08.28 03:13:37.283,1.57484,1.57517,2.25,1.00
2014.08.28 03:13:37.586,1.57494,1.57516,1.00,1.00
2014.08.28 03:13:37.787,1.57488,1.57515,1.00,1.00
2014.08.28 03:13:38.393,1.57488,1.57518,1.00,1.00
2014.08.28 03:13:38.494,1.57488,1.57516,1.00,1.00
2014.08.28 03:13:42.820,1.57497,1.57516,1.00,1.00
2014.08.28 03:13:43.021,1.57504,1.57528,1.00,1.00
2014.08.28 03:13:43.442,1.57504,1.57533,1.00,1.50
2014.08.28 03:13:43.594,1.57504,1.57527,1.00,1.00
2014.08.28 03:13:50.346,1.57498,1.57527,1.00,1.00
2014.08.28 03:13:50.396,1.57498,1.57524,1.00,1.00
2014.08.28 03:13:50.447,1.57494,1.57524,1.50,1.00
2014.08.28 03:13:50.598,1.57494,1.57519,1.50,1.00
2014.08.28 03:13:50.901,1.57494,1.57517,1.00,1.00
2014.08.28 03:13:50.951,1.57485,1.57515,1.00,1.00
2014.08.28 03:13:55.769,1.57484,1.57515,1.00,1.00
2014.08.28 03:13:56.082,1.57493,1.57515,1.00,1.00
2014.08.28 03:13:56.132,1.57493,1.57523,1.00,1.00
2014.08.28 03:13:56.183,1.57493,1.57523,1.38,1.00
2014.08.28 03:13:56.385,1.57491,1.57524,1.00,1.00
2014.08.28 03:13:56.435,1.57484,1.57509,1.88,1.00
2014.08.28 03:13:56.688,1.57484,1.57514,1.13,1.00
2014.08.28 03:13:58.837,1.57495,1.57514,1.00,1.00
2014.08.28 03:13:58.888,1.57495,1.57523,1.00,1.00
2014.08.28 03:13:59.191,1.57493,1.5751,1.38,1.00
2014.08.28 03:13:59.242,1.57493,1.5751,1.00,1.00
2014.08.28 03:13:59.292,1.57493,1.57507,1.00,1.00
2014.08.28 03:13:59.343,1.57483,1.57507,2.63,1.00
2014.08.28 03:13:59.394,1.57483,1.57514,2.63,1.00
2014.08.28 03:14:00.333,1.57484,1.57514,1.00,1.00
2014.08.28 03:14:00.586,1.57493,1.57514,1.50,1.00
2014.08.28 03:14:00.637,1.57493,1.57523,1.50,1.00
2014.08.28 03:14:00.739,1.57499,1.57524,1.00,1.00
2014.08.28 03:14:03.143,1.57499,1.57526,1.00,1.00
2014.08.28 03:14:03.647,1.57499,1.57525,1.00,1.00
2014.08.28 03:14:05.893,1.57497,1.57525,1.00,1.00
2014.08.28 03:14:05.995,1.57493,1.57518,1.00,1.00
2014.08.28 03:14:06.197,1.57491,1.57518,1.00,1.00
2014.08.28 03:14:06.399,1.57489,1.57518,1.00,1.00
2014.08.28 03:14:06.449,1.57489,1.57514,1.00,1.00
2014.08.28 03:14:10.573,1.57484,1.57514,1.13,1.00
2014.08.28 03:14:10.624,1.57484,1.5751,1.13,1.00
2014.08.28 03:14:12.183,1.57484,1.57515,1.88,1.00
2014.08.28 03:14:14.883,1.57496,1.57515,1.00,1.00
2014.08.28 03:14:14.934,1.57496,1.57524,1.00,1.00
2014.08.28 03:14:14.985,1.57494,1.57524,1.00,1.00
2014.08.28 03:14:15.035,1.57494,1.57524,1.38,1.00
2014.08.28 03:14:15.415,1.57503,1.57524,1.00,1.00
2014.08.28 03:14:17.392,1.57494,1.57524,1.88,1.00
2014.08.28 03:14:17.444,1.57494,1.57516,1.50,1.00
2014.08.28 03:14:17.647,1.57492,1.57516,1.00,1.00
2014.08.28 03:14:17.748,1.57489,1.57516,1.00,1.00
2014.08.28 03:14:18.000,1.57486,1.57516,1.13,1.00
2014.08.28 03:14:19.852,1.57486,1.57514,1.13,1.00
2014.08.28 03:14:29.894,1.57486,1.57517,1.00,1.00
2014.08.28 03:14:30.473,1.57486,1.57518,1.00,1.00
2014.08.28 03:14:32.401,1.57486,1.57519,1.00,1.00
2014.08.28 03:14:35.570,1.57494,1.57519,1.00,1.00
2014.08.28 03:14:35.722,1.57494,1.57528,1.88,1.50
2014.08.28 03:14:35.823,1.57498,1.57528,1.00,1.00
2014.08.28 03:14:36.132,1.57504,1.57528,1.00,1.00
2014.08.28 03:14:36.390,1.57504,1.57533,1.00,1.00
2014.08.28 03:14:36.955,1.57503,1.57533,1.00,1.00
2014.08.28 03:14:37.342,1.57503,1.57528,1.00,1.00
2014.08.28 03:14:37.444,1.57498,1.57528,1.00,1.00
2014.08.28 03:14:51.133,1.57498,1.57532,1.13,1.00
2014.08.28 03:14:51.234,1.57498,1.57534,1.13,1.00
2014.08.28 03:14:51.335,1.57498,1.57534,1.38,1.00
2014.08.28 03:14:51.645,1.57498,1.57528,1.38,1.00
2014.08.28 03:14:57.261,1.57498,1.57526,1.38,1.00
2014.08.28 03:14:57.362,1.57498,1.57528,1.38,1.00
2014.08.28 03:14:58.504,1.57498,1.57529,1.38,1.00
2014.08.28 03:14:59.494,1.57498,1.57529,1.38,1.00
2014.08.28 03:15:00.901,1.575,1.57529,1.00,1.00
2014.08.28 03:15:01.420,1.575,1.57528,1.00,1.00
2014.08.28 03:15:05.960,1.57497,1.57528,1.38,1.00
2014.08.28 03:15:06.496,1.57497,1.57528,1.13,1.00
2014.08.28 03:15:07.584,1.57504,1.57528,1.00,1.00
2014.08.28 03:15:07.635,1.57504,1.57531,1.00,1.00
2014.08.28 03:15:09.477,1.57504,1.57535,1.00,1.50
2014.08.28 03:15:13.340,1.57504,1.57535,1.60,1.50
2014.08.28 03:15:13.592,1.57514,1.57546,1.00,1.00
2014.08.28 03:15:13.694,1.5751,1.57547,1.00,1.50
2014.08.28 03:15:13.745,1.5751,1.57545,1.00,1.00
2014.08.28 03:15:14.053,1.57514,1.57541,1.00,1.00
2014.08.28 03:15:14.813,1.5751,1.57541,1.00,1.00
2014.08.28 03:15:15.371,1.57509,1.57541,1.00,1.00
2014.08.28 03:15:23.084,1.57513,1.57541,1.00,1.00
2014.08.28 03:15:23.134,1.57513,1.57544,1.00,1.00
2014.08.28 03:15:23.662,1.57513,1.57546,1.00,1.00
2014.08.28 03:15:24.187,1.57514,1.57547,1.00,1.00
2014.08.28 03:15:26.316,1.57517,1.57547,1.00,1.00
2014.08.28 03:15:26.619,1.57524,1.57553,1.00,1.00
2014.08.28 03:15:28.603,1.57524,1.57554,1.00,1.50
2014.08.28 03:15:31.708,1.57527,1.57554,1.00,1.00
2014.08.28 03:15:31.758,1.57527,1.57557,1.00,1.00
2014.08.28 03:15:31.809,1.57524,1.5756,1.50,1.00
2014.08.28 03:15:32.129,1.57527,1.5756,1.00,1.00
2014.08.28 03:15:36.454,1.57527,1.57557,1.00,1.00
2014.08.28 03:15:37.308,1.57527,1.57555,1.00,1.00
2014.08.28 03:15:37.560,1.57527,1.57558,1.00,1.00
2014.08.28 03:15:38.501,1.57527,1.57561,1.00,1.00
2014.08.28 03:15:49.465,1.57527,1.57563,1.00,1.50
2014.08.28 03:16:00.382,1.57524,1.5756,1.13,1.00
2014.08.28 03:16:00.685,1.57524,1.5756,1.38,1.00
2014.08.28 03:16:02.121,1.57524,1.5756,1.38,1.00
2014.08.28 03:16:02.223,1.57524,1.57558,1.38,1.00
2014.08.28 03:16:02.535,1.57523,1.57556,1.38,1.00
2014.08.28 03:16:03.046,1.57523,1.57553,1.38,1.00
2014.08.28 03:16:03.097,1.57523,1.57553,1.00,1.00
2014.08.28 03:16:04.148,1.57523,1.5755,1.00,1.00
2014.08.28 03:16:04.549,1.57523,1.57554,1.00,1.00
2014.08.28 03:16:05.667,1.57518,1.57554,1.73,1.00
2014.08.28 03:16:06.204,1.57518,1.57554,1.35,1.00
2014.08.28 03:16:11.007,1.57516,1.57552,1.73,1.00
2014.08.28 03:16:13.671,1.57515,1.57547,2.10,1.00
2014.08.28 03:16:16.872,1.5752,1.57551,1.00,1.00
2014.08.28 03:16:16.973,1.57517,1.57551,1.73,1.50
2014.08.28 03:16:17.327,1.57524,1.57551,1.00,1.00
2014.08.28 03:16:18.185,1.57524,1.57555,1.00,1.00
2014.08.28 03:16:18.387,1.5752,1.57554,1.00,1.00
2014.08.28 03:16:21.385,1.5752,1.57551,1.00,1.00
2014.08.28 03:16:21.556,1.57518,1.57551,1.73,1.00
2014.08.28 03:16:21.909,1.57514,1.57548,1.88,1.00
2014.08.28 03:16:23.307,1.57514,1.57548,1.50,1.00
2014.08.28 03:16:23.611,1.57513,1.57543,1.00,1.00
2014.08.28 03:16:23.966,1.57513,1.5754,1.00,1.00
2014.08.28 03:16:24.118,1.57506,1.57539,1.00,1.00
2014.08.28 03:16:24.219,1.57506,1.57535,1.00,1.00
2014.08.28 03:16:24.421,1.57504,1.57535,1.00,1.00
2014.08.28 03:16:25.388,1.57504,1.57532,1.00,1.00
2014.08.28 03:16:25.489,1.57504,1.57536,1.00,1.00
2014.08.28 03:16:25.811,1.57504,1.57531,1.00,1.00
2014.08.28 03:16:28.410,1.57499,1.57531,1.00,1.00
2014.08.28 03:16:29.068,1.57504,1.57531,1.00,1.00
2014.08.28 03:16:30.590,1.57499,1.57531,1.00,1.00
2014.08.28 03:16:31.880,1.57497,1.57531,1.00,1.00
2014.08.28 03:16:32.341,1.57494,1.57529,1.88,1.00
2014.08.28 03:16:32.866,1.57494,1.57529,1.88,1.00
2014.08.28 03:16:32.917,1.57495,1.57529,1.00,1.00
2014.08.28 03:16:33.422,1.57493,1.57525,1.50,1.00
2014.08.28 03:16:33.728,1.57497,1.57525,1.00,1.00
2014.08.28 03:16:33.879,1.57494,1.57525,1.00,1.00
2014.08.28 03:16:34.350,1.57493,1.57529,1.50,1.00
2014.08.28 03:16:34.451,1.57498,1.57529,1.00,1.00
2014.08.28 03:16:36.430,1.57495,1.57525,1.00,1.00
2014.08.28 03:16:36.733,1.57493,1.57523,1.00,1.00
2014.08.28 03:16:37.315,1.5749,1.57523,1.00,1.00
2014.08.28 03:16:37.623,1.57489,1.57519,1.00,1.00
2014.08.28 03:16:37.929,1.57493,1.57519,1.00,1.00
2014.08.28 03:16:38.840,1.57494,1.57519,1.00,1.00
2014.08.28 03:16:44.725,1.57494,1.57523,1.00,1.00
2014.08.28 03:16:45.775,1.57494,1.57521,1.00,1.00
2014.08.28 03:16:51.491,1.57493,1.57521,1.00,1.00
2014.08.28 03:16:59.056,1.57493,1.57517,1.00,1.00
2014.08.28 03:17:04.552,1.57493,1.57515,1.00,1.00
2014.08.28 03:17:04.602,1.5749,1.57515,1.00,1.00
2014.08.28 03:17:05.389,1.5749,1.57518,1.00,1.00
2014.08.28 03:17:05.440,1.57488,1.57518,1.00,1.00
2014.08.28 03:17:06.017,1.57488,1.57519,1.00,1.00
2014.08.28 03:17:10.863,1.57488,1.57517,1.00,1.00
2014.08.28 03:17:14.203,1.57488,1.57518,1.00,1.00
2014.08.28 03:17:14.505,1.57494,1.57518,1.00,1.00
2014.08.28 03:17:16.381,1.57488,1.57518,1.00,1.00
2014.08.28 03:17:16.656,1.57481,1.57518,1.38,1.00
2014.08.28 03:17:16.707,1.5748,1.57507,1.00,1.00
2014.08.28 03:17:16.757,1.57477,1.57507,1.50,1.00
2014.08.28 03:17:16.808,1.57477,1.57505,1.00,1.00
2014.08.28 03:17:16.909,1.57468,1.575,1.00,1.00
2014.08.28 03:17:17.111,1.57466,1.575,1.00,1.00
2014.08.28 03:17:17.381,1.57474,1.575,1.00,1.00
2014.08.28 03:17:17.850,1.57466,1.575,1.00,1.00
2014.08.28 03:17:17.902,1.57465,1.57497,1.00,1.00
2014.08.28 03:17:19.019,1.57465,1.57497,1.60,1.00
2014.08.28 03:17:19.120,1.57479,1.57506,1.00,1.00
2014.08.28 03:17:19.171,1.57484,1.57507,1.00,1.00
2014.08.28 03:17:19.272,1.57484,1.57512,1.00,1.00
2014.08.28 03:17:19.323,1.57484,1.5751,1.00,1.00
2014.08.28 03:17:19.374,1.57475,1.5751,1.13,1.00
2014.08.28 03:17:19.424,1.57479,1.57506,1.00,1.00
2014.08.28 03:17:19.727,1.57474,1.57501,1.00,1.00
2014.08.28 03:17:20.500,1.57474,1.57497,1.00,1.00
2014.08.28 03:17:21.004,1.57474,1.57495,1.00,1.00
2014.08.28 03:17:21.156,1.57465,1.57495,1.00,1.00
2014.08.28 03:17:21.308,1.57464,1.5749,1.00,1.00
2014.08.28 03:17:21.611,1.57464,1.57484,1.00,1.00
2014.08.28 03:17:21.662,1.57453,1.57484,1.00,1.00
2014.08.28 03:17:21.712,1.57453,1.57482,1.00,1.00
2014.08.28 03:17:22.217,1.57454,1.57482,1.00,1.00
2014.08.28 03:17:22.721,1.57453,1.57483,1.00,1.00
2014.08.28 03:17:23.024,1.57453,1.57485,1.00,1.00
2014.08.28 03:17:24.235,1.57453,1.57483,1.00,1.00
2014.08.28 03:17:25.220,1.57454,1.57483,1.00,1.00
2014.08.28 03:17:25.822,1.57453,1.57483,1.00,1.00
2014.08.28 03:17:27.967,1.57453,1.57479,1.00,1.00
2014.08.28 03:17:28.843,1.57454,1.57479,1.00,1.00
2014.08.28 03:17:29.181,1.57463,1.57486,1.00,1.00
2014.08.28 03:17:29.505,1.57463,1.57482,1.00,1.00
2014.08.28 03:17:39.411,1.57453,1.57482,1.00,1.00
2014.08.28 03:17:40.018,1.57453,1.57481,1.00,1.00
2014.08.28 03:17:41.456,1.57453,1.57477,1.00,1.00
2014.08.28 03:17:45.329,1.57454,1.57477,1.00,1.00
2014.08.28 03:17:50.554,1.57454,1.57478,1.00,1.00
2014.08.28 03:17:50.856,1.57454,1.57476,1.00,1.00
2014.08.28 03:17:51.159,1.57454,1.57473,1.00,1.00
2014.08.28 03:17:51.708,1.57454,1.57472,1.00,1.00
2014.08.28 03:17:51.859,1.57454,1.57477,1.00,1.00
2014.08.28 03:17:51.960,1.57454,1.57475,1.00,1.00
2014.08.28 03:17:52.263,1.57454,1.57472,1.00,1.00
2014.08.28 03:17:52.612,1.57445,1.57472,1.00,1.00
2014.08.28 03:17:52.662,1.57444,1.57469,1.00,1.00
2014.08.28 03:17:52.965,1.57444,1.57463,1.00,1.50
2014.08.28 03:17:53.603,1.57433,1.57463,1.00,1.50
2014.08.28 03:17:57.129,1.57444,1.57463,1.00,1.00
2014.08.28 03:17:57.281,1.57444,1.57465,1.00,1.50
2014.08.28 03:17:59.279,1.57444,1.57466,1.00,1.00
2014.08.28 03:17:59.632,1.57454,1.57466,1.00,1.00
2014.08.28 03:17:59.683,1.57454,1.57476,1.00,2.25
2014.08.28 03:17:59.834,1.57445,1.57476,1.00,1.00
2014.08.28 03:18:00.086,1.57444,1.57472,1.00,1.00
2014.08.28 03:18:08.167,1.57444,1.5747,1.00,1.00
2014.08.28 03:18:08.884,1.57443,1.5747,1.00,1.00
2014.08.28 03:18:09.416,1.57444,1.5747,1.00,1.00
2014.08.28 03:18:10.428,1.57443,1.5747,1.00,1.00
2014.08.28 03:18:11.095,1.57444,1.5747,1.00,1.00
2014.08.28 03:18:26.068,1.57444,1.57468,1.00,1.00
2014.08.28 03:18:26.170,1.57444,1.57471,1.00,1.00
2014.08.28 03:18:26.958,1.57444,1.5747,1.00,1.00
2014.08.28 03:18:27.488,1.57444,1.57472,1.00,1.00
2014.08.28 03:18:31.046,1.57444,1.57469,1.00,1.00
2014.08.28 03:18:31.147,1.57444,1.57471,1.00,1.00
2014.08.28 03:18:31.778,1.57444,1.57472,1.00,1.00
2014.08.28 03:18:34.158,1.57443,1.57472,1.00,1.00
2014.08.28 03:18:36.082,1.57443,1.57471,1.00,1.00
2014.08.28 03:18:47.473,1.57444,1.57471,1.00,1.00
2014.08.28 03:18:53.447,1.57443,1.57471,1.00,1.00
2014.08.28 03:18:54.024,1.57443,1.57472,1.00,1.00
2014.08.28 03:19:02.467,1.57443,1.57471,1.00,1.00
2014.08.28 03:19:03.375,1.57443,1.57469,1.00,1.00
2014.08.28 03:19:03.901,1.57444,1.57469,1.00,1.00
2014.08.28 03:19:08.375,1.57443,1.57469,1.00,1.00
2014.08.28 03:19:16.132,1.57443,1.57471,1.00,1.00
2014.08.28 03:19:16.477,1.57443,1.57473,1.00,1.00
2014.08.28 03:19:23.028,1.57447,1.57473,1.00,1.00
2014.08.28 03:19:24.027,1.57447,1.57471,1.00,1.00
2014.08.28 03:19:29.417,1.57447,1.57472,1.00,1.00
2014.08.28 03:19:30.950,1.57443,1.57472,1.00,1.00
2014.08.28 03:19:31.001,1.57443,1.5747,1.00,1.00
2014.08.28 03:19:31.152,1.57435,1.57465,1.50,1.00
2014.08.28 03:19:31.203,1.57434,1.57462,1.00,1.00
2014.08.28 03:19:31.304,1.57434,1.57464,1.00,1.00
2014.08.28 03:19:31.355,1.57443,1.57456,1.00,1.00
2014.08.28 03:19:31.607,1.57433,1.57451,1.00,1.00
2014.08.28 03:19:31.708,1.57433,1.57455,1.00,1.00
2014.08.28 03:19:31.758,1.57433,1.5745,1.00,1.00
2014.08.28 03:19:33.946,1.57433,1.57454,1.00,1.00
2014.08.28 03:19:34.098,1.57434,1.57457,1.00,1.50
2014.08.28 03:19:34.148,1.57434,1.57451,1.00,1.00
2014.08.28 03:19:34.367,1.57434,1.57455,1.00,1.00
2014.08.28 03:19:34.468,1.57434,1.5745,1.00,1.00
2014.08.28 03:19:36.353,1.57434,1.57457,1.00,1.50
2014.08.28 03:19:36.753,1.57434,1.57455,1.00,1.00
2014.08.28 03:19:38.607,1.57433,1.57449,1.00,1.00
2014.08.28 03:19:38.860,1.57424,1.57441,1.00,1.00
2014.08.28 03:19:39.012,1.57424,1.57445,1.00,1.00
2014.08.28 03:19:50.234,1.57414,1.57445,1.00,1.00
2014.08.28 03:19:55.915,1.57424,1.57445,1.00,1.00
2014.08.28 03:20:08.581,1.57423,1.57445,1.00,1.00
2014.08.28 03:20:15.253,1.57424,1.57445,1.00,1.00
2014.08.28 03:20:15.304,1.57424,1.57448,1.00,1.00
2014.08.28 03:20:15.885,1.57424,1.57449,1.00,1.50
2014.08.28 03:20:22.671,1.57424,1.57448,1.00,1.00
2014.08.28 03:20:22.988,1.57424,1.5745,1.00,1.00
2014.08.28 03:20:27.888,1.57433,1.5745,1.00,1.00
2014.08.28 03:20:27.939,1.57433,1.57452,1.00,1.00
2014.08.28 03:20:28.141,1.57444,1.57455,1.00,1.00
2014.08.28 03:20:28.242,1.57444,1.5746,1.00,1.00
2014.08.28 03:20:28.344,1.57434,1.5746,1.00,1.00
2014.08.28 03:20:28.496,1.57434,1.57454,1.00,1.00
2014.08.28 03:20:29.151,1.57434,1.57457,1.00,1.00
2014.08.28 03:20:32.346,1.57434,1.5746,1.00,1.00
2014.08.28 03:20:35.185,1.57444,1.57464,1.00,1.00
2014.08.28 03:20:40.340,1.57443,1.57464,1.00,1.00
2014.08.28 03:20:40.849,1.57444,1.57464,1.00,1.00
2014.08.28 03:20:40.900,1.57435,1.57459,1.00,1.00
2014.08.28 03:20:41.001,1.57433,1.57459,1.00,1.00
2014.08.28 03:20:42.583,1.57448,1.57459,1.00,1.00
2014.08.28 03:20:42.785,1.57453,1.57478,1.00,1.95
2014.08.28 03:20:42.886,1.57464,1.57478,1.00,1.45
2014.08.28 03:20:43.088,1.57446,1.57475,1.00,1.50
2014.08.28 03:20:43.139,1.57446,1.57479,1.00,1.00
2014.08.28 03:20:43.190,1.57447,1.57474,1.00,1.00
2014.08.28 03:20:43.442,1.57447,1.57481,1.38,1.00
2014.08.28 03:20:43.962,1.57447,1.57481,1.13,1.00
2014.08.28 03:20:44.013,1.57447,1.57481,1.38,1.00
2014.08.28 03:20:44.963,1.57447,1.57482,1.38,1.00
2014.08.28 03:20:45.646,1.57447,1.57482,1.00,1.00
2014.08.28 03:20:45.697,1.5745,1.57484,1.00,1.00
2014.08.28 03:20:51.319,1.57454,1.57484,1.00,1.00
2014.08.28 03:20:51.890,1.57454,1.57486,1.00,1.00
2014.08.28 03:20:53.117,1.57452,1.57486,1.00,1.00
2014.08.28 03:20:53.427,1.57454,1.57486,1.00,1.00
2014.08.28 03:20:53.890,1.57451,1.57481,1.00,1.00
2014.08.28 03:20:53.991,1.57446,1.57479,1.13,1.00
2014.08.28 03:20:54.192,1.57444,1.57481,1.88,1.00
2014.08.28 03:20:54.294,1.57453,1.57481,1.00,1.00
2014.08.28 03:20:54.496,1.57453,1.57483,1.00,1.00
2014.08.28 03:20:54.648,1.57449,1.57483,1.00,1.00
2014.08.28 03:20:55.187,1.57448,1.57483,1.00,1.00
2014.08.28 03:21:02.920,1.57448,1.57484,1.00,1.00
2014.08.28 03:21:03.350,1.57453,1.57484,1.00,1.00
2014.08.28 03:21:03.451,1.57453,1.57488,1.00,1.00
2014.08.28 03:21:03.653,1.57454,1.57486,1.00,1.00
2014.08.28 03:21:05.181,1.57454,1.57486,1.38,1.00
2014.08.28 03:21:05.232,1.57454,1.57488,1.38,1.00
2014.08.28 03:21:05.283,1.57458,1.57488,1.00,1.00
2014.08.28 03:21:05.384,1.57456,1.57488,1.13,1.00
2014.08.28 03:21:15.979,1.57456,1.57486,1.00,1.00
2014.08.28 03:21:16.438,1.57464,1.5749,1.00,1.00
2014.08.28 03:21:19.314,1.57464,1.57496,1.00,1.00
2014.08.28 03:21:19.417,1.57473,1.57497,1.00,1.00
2014.08.28 03:21:19.721,1.57484,1.57501,1.00,1.00
2014.08.28 03:21:19.822,1.57477,1.57501,1.00,1.00
2014.08.28 03:21:19.873,1.57477,1.57505,1.00,1.00
2014.08.28 03:21:20.026,1.57474,1.57505,1.50,1.00
2014.08.28 03:21:20.412,1.57474,1.57508,1.50,1.00
2014.08.28 03:21:23.329,1.57473,1.57508,1.50,1.00
2014.08.28 03:21:26.744,1.57474,1.57508,1.00,1.00
2014.08.28 03:21:27.068,1.57483,1.57509,1.00,1.00
2014.08.28 03:21:30.590,1.57474,1.57509,1.00,1.00
2014.08.28 03:21:30.842,1.57484,1.57509,1.00,1.00
2014.08.28 03:21:32.359,1.57484,1.5751,1.00,1.00
2014.08.28 03:21:32.704,1.57473,1.5751,1.88,1.00
2014.08.28 03:21:34.150,1.57474,1.57508,1.13,1.00
2014.08.28 03:21:34.553,1.57477,1.57507,1.00,1.00
2014.08.28 03:21:34.676,1.57474,1.57507,1.13,1.00
2014.08.28 03:21:36.133,1.57473,1.57507,1.50,1.00
2014.08.28 03:21:36.638,1.57474,1.57507,1.00,1.00
2014.08.28 03:21:38.864,1.57474,1.57505,1.00,1.00
2014.08.28 03:21:39.412,1.57473,1.57505,1.00,1.00
2014.08.28 03:21:39.980,1.57473,1.57503,1.00,1.00
2014.08.28 03:21:42.368,1.57473,1.57501,1.00,1.00
2014.08.28 03:21:42.620,1.57465,1.57498,1.00,1.00
2014.08.28 03:21:43.959,1.57464,1.57497,1.00,1.00
2014.08.28 03:21:44.503,1.57464,1.57496,1.00,1.00
2014.08.28 03:21:47.093,1.57464,1.57498,1.50,1.00
2014.08.28 03:21:47.604,1.57464,1.57497,1.00,1.00
2014.08.28 03:21:48.423,1.57474,1.57497,1.00,1.00
2014.08.28 03:21:49.617,1.57484,1.57498,1.00,1.00
2014.08.28 03:21:49.668,1.57484,1.57501,1.00,1.50
2014.08.28 03:21:49.769,1.57484,1.57506,1.00,2.25
2014.08.28 03:21:49.820,1.57484,1.57499,1.00,1.00
2014.08.28 03:21:49.870,1.57473,1.57494,1.13,1.00
2014.08.28 03:21:50.072,1.57465,1.57494,1.38,1.00
2014.08.28 03:21:50.224,1.57464,1.5749,1.00,1.00
2014.08.28 03:21:50.827,1.57463,1.5749,1.00,1.00
2014.08.28 03:21:50.979,1.57463,1.57493,1.00,1.00
2014.08.28 03:21:51.546,1.57464,1.57493,1.00,1.00
2014.08.28 03:21:52.276,1.57464,1.57491,1.00,1.00
2014.08.28 03:21:52.428,1.57464,1.57493,1.00,1.00
2014.08.28 03:21:53.039,1.57463,1.57493,1.00,1.00
2014.08.28 03:21:54.690,1.57464,1.57493,1.00,1.00
2014.08.28 03:21:57.140,1.57463,1.57493,1.00,1.00
2014.08.28 03:21:57.707,1.57464,1.57493,1.00,1.00
2014.08.28 03:22:00.517,1.57463,1.57493,1.00,1.00
2014.08.28 03:22:09.545,1.57463,1.5749,1.00,1.00
2014.08.28 03:22:14.410,1.57464,1.5749,1.00,1.00
2014.08.28 03:22:20.288,1.57464,1.57493,1.00,1.00
2014.08.28 03:22:20.591,1.57464,1.57495,1.00,1.00
2014.08.28 03:22:21.096,1.57464,1.57494,1.50,1.00
2014.08.28 03:22:21.298,1.57464,1.57497,1.50,1.00
2014.08.28 03:22:21.399,1.57464,1.57494,1.50,1.00
2014.08.28 03:22:21.500,1.57464,1.57498,1.50,1.00
2014.08.28 03:22:21.601,1.57464,1.57495,1.50,1.00
2014.08.28 03:22:21.652,1.57464,1.57501,2.25,1.50
2014.08.28 03:22:21.753,1.57464,1.57493,1.50,1.00
2014.08.28 03:22:21.955,1.57464,1.57495,1.50,1.00
2014.08.28 03:22:22.157,1.57464,1.57492,1.50,1.00
2014.08.28 03:22:22.309,1.57464,1.57498,1.50,1.00
2014.08.28 03:22:22.359,1.57464,1.57495,1.00,1.00
2014.08.28 03:22:22.460,1.57465,1.57499,1.00,1.50
2014.08.28 03:22:22.612,1.57465,1.57501,1.00,1.00
2014.08.28 03:22:22.662,1.57464,1.57495,1.00,1.00
2014.08.28 03:22:22.763,1.57465,1.57499,1.00,1.00
2014.08.28 03:22:22.864,1.57464,1.57496,1.00,1.00
2014.08.28 03:22:23.066,1.57464,1.57499,1.00,1.00
2014.08.28 03:22:23.167,1.57464,1.57497,1.00,1.00
2014.08.28 03:22:23.369,1.57465,1.57499,1.00,1.00
2014.08.28 03:22:23.722,1.57464,1.57495,1.00,1.00
2014.08.28 03:22:23.873,1.57464,1.57497,1.00,1.00
2014.08.28 03:22:24.076,1.57464,1.57494,1.00,1.00
2014.08.28 03:22:24.177,1.57464,1.57498,1.50,1.00
2014.08.28 03:22:24.278,1.57464,1.57496,1.00,1.00
2014.08.28 03:22:24.379,1.57466,1.575,1.00,1.00
2014.08.28 03:22:24.480,1.57464,1.57499,1.00,1.00
2014.08.28 03:22:24.581,1.57464,1.57495,1.00,1.00
2014.08.28 03:22:24.681,1.57465,1.57501,1.00,1.50
2014.08.28 03:22:24.782,1.57464,1.57496,1.00,1.00
2014.08.28 03:22:24.984,1.57464,1.57499,1.13,1.00
2014.08.28 03:22:25.085,1.57464,1.57495,1.13,1.00
2014.08.28 03:22:25.287,1.57464,1.57497,1.00,1.00
2014.08.28 03:22:25.700,1.57464,1.57494,1.00,1.00
2014.08.28 03:22:26.175,1.57464,1.57498,1.50,1.00
2014.08.28 03:22:40.303,1.57465,1.57501,1.00,1.00
2014.08.28 03:22:49.372,1.57474,1.57501,1.00,1.00
2014.08.28 03:22:49.692,1.57465,1.57501,1.38,1.00
2014.08.28 03:22:50.396,1.57473,1.57501,1.00,1.00
2014.08.28 03:22:52.467,1.57473,1.575,1.00,1.00
2014.08.28 03:22:52.923,1.57465,1.57501,1.88,1.00
2014.08.28 03:22:54.310,1.57465,1.57501,1.38,1.00
2014.08.28 03:22:57.723,1.57468,1.57503,1.00,1.50
2014.08.28 03:22:57.875,1.57474,1.57501,1.00,1.00
2014.08.28 03:22:58.178,1.57474,1.57503,1.00,1.00
2014.08.28 03:22:59.448,1.57474,1.57502,1.00,1.00
2014.08.28 03:23:01.592,1.57465,1.57502,1.38,1.50
2014.08.28 03:23:01.694,1.57465,1.57489,1.38,1.00
2014.08.28 03:23:01.798,1.57465,1.57496,1.38,1.00
2014.08.28 03:23:01.849,1.57465,1.57496,1.00,1.00
2014.08.28 03:23:02.151,1.57463,1.57496,1.88,1.00
2014.08.28 03:23:02.674,1.57463,1.57497,1.50,1.00
2014.08.28 03:23:02.907,1.57473,1.57501,1.00,1.00
2014.08.28 03:23:03.109,1.57466,1.57502,1.00,1.00
2014.08.28 03:23:03.361,1.57473,1.57502,1.00,1.00
2014.08.28 03:23:03.697,1.57466,1.57502,1.00,1.00
2014.08.28 03:23:05.121,1.57474,1.57502,1.00,1.00
2014.08.28 03:23:05.325,1.57466,1.57502,1.00,1.00
2014.08.28 03:23:06.659,1.57474,1.57502,1.00,1.00
2014.08.28 03:23:07.847,1.57473,1.57502,1.00,1.00
2014.08.28 03:23:10.916,1.57474,1.57502,1.00,1.00
2014.08.28 03:23:20.816,1.57466,1.57502,1.00,1.00
2014.08.28 03:23:21.145,1.57474,1.57502,1.00,1.00
2014.08.28 03:23:25.013,1.57473,1.57502,1.00,1.00
2014.08.28 03:23:25.655,1.57474,1.57502,1.00,1.00
2014.08.28 03:23:30.484,1.57474,1.57503,1.00,1.00
2014.08.28 03:23:31.704,1.57473,1.57503,1.00,1.00
2014.08.28 03:23:44.465,1.57474,1.57503,1.00,1.50
2014.08.28 03:23:45.694,1.57473,1.57503,1.00,1.00
2014.08.28 03:23:56.174,1.57474,1.57503,1.00,1.00
2014.08.28 03:24:03.824,1.57473,1.57503,1.00,1.00
2014.08.28 03:24:18.582,1.57465,1.57501,1.38,1.00
2014.08.28 03:24:18.683,1.57469,1.57503,1.00,1.00
2014.08.28 03:24:32.098,1.57474,1.57503,1.00,1.00
2014.08.28 03:24:35.393,1.57469,1.57503,1.00,1.00
2014.08.28 03:24:42.682,1.57469,1.57497,1.13,1.00
2014.08.28 03:24:42.783,1.57469,1.575,1.13,1.00
2014.08.28 03:24:45.992,1.57467,1.57501,1.38,1.50
2014.08.28 03:24:46.393,1.57467,1.57499,1.38,1.00
2014.08.28 03:24:47.602,1.57467,1.57499,1.00,1.00
2014.08.28 03:24:49.702,1.57467,1.57496,1.00,1.00
2014.08.28 03:24:57.943,1.57464,1.57496,1.00,1.00
2014.08.28 03:24:58.045,1.57464,1.57492,1.00,1.00
2014.08.28 03:24:58.348,1.57464,1.57486,1.00,1.00
2014.08.28 03:24:58.399,1.5746,1.57486,1.00,1.00
2014.08.28 03:24:58.500,1.57453,1.57486,1.88,1.00
2014.08.28 03:24:58.601,1.57453,1.57488,1.88,1.50
2014.08.28 03:24:58.702,1.57454,1.57488,1.13,1.50
2014.08.28 03:24:58.813,1.57454,1.57488,1.75,1.00
2014.08.28 03:24:58.914,1.57463,1.57489,1.00,1.00
2014.08.28 03:24:59.434,1.57464,1.57489,1.00,1.00
2014.08.28 03:25:00.379,1.57463,1.57489,1.00,1.00
2014.08.28 03:25:01.905,1.57464,1.57489,1.00,1.00
2014.08.28 03:25:03.285,1.57464,1.57487,1.00,1.00
2014.08.28 03:25:03.807,1.57463,1.57488,1.00,1.00
2014.08.28 03:25:04.167,1.57464,1.57486,1.00,1.00
2014.08.28 03:25:04.500,1.57464,1.57484,1.00,1.00
2014.08.28 03:25:04.752,1.57464,1.57486,1.00,1.00
2014.08.28 03:25:04.803,1.57454,1.57486,1.00,1.00
2014.08.28 03:25:05.923,1.57454,1.57485,1.00,1.00
2014.08.28 03:25:07.163,1.57453,1.57477,1.00,1.00
2014.08.28 03:25:07.264,1.57453,1.57479,1.00,1.00
2014.08.28 03:25:07.832,1.57454,1.57479,1.00,1.00
2014.08.28 03:25:07.933,1.57454,1.57482,1.00,1.00
2014.08.28 03:25:08.034,1.57454,1.57484,1.00,1.00
2014.08.28 03:25:08.576,1.57454,1.57485,1.00,1.00
2014.08.28 03:25:09.850,1.57464,1.57485,1.00,1.00
2014.08.28 03:25:09.900,1.57464,1.5749,1.00,1.00
2014.08.28 03:25:10.153,1.57464,1.57485,1.00,1.00
2014.08.28 03:25:10.405,1.57454,1.57484,1.00,1.00
2014.08.28 03:25:10.455,1.57454,1.57482,1.00,1.00
2014.08.28 03:25:10.974,1.57453,1.57482,1.00,1.00
2014.08.28 03:25:11.126,1.57453,1.57484,1.00,1.00
2014.08.28 03:25:11.177,1.57455,1.57484,1.00,1.00
2014.08.28 03:25:11.228,1.57455,1.57487,1.00,1.00
2014.08.28 03:25:12.090,1.57462,1.57487,1.00,1.38
2014.08.28 03:25:12.242,1.57464,1.57493,1.00,1.38
2014.08.28 03:25:12.343,1.57464,1.57494,1.00,1.75
2014.08.28 03:25:12.394,1.57457,1.57486,1.00,1.38
2014.08.28 03:25:12.444,1.57457,1.57478,1.00,1.00
2014.08.28 03:25:12.546,1.57457,1.5748,1.00,1.00
2014.08.28 03:25:12.647,1.57454,1.57478,1.00,1.00
2014.08.28 03:25:12.899,1.57454,1.5748,1.00,1.00
2014.08.28 03:25:12.950,1.57448,1.5748,1.00,1.00
2014.08.28 03:25:13.152,1.57454,1.5748,1.00,1.00
2014.08.28 03:25:13.437,1.57454,1.57485,1.00,2.25
2014.08.28 03:25:14.371,1.57464,1.57485,1.00,2.25
2014.08.28 03:25:14.523,1.57464,1.57494,1.00,1.00
2014.08.28 03:25:14.574,1.5746,1.57494,1.00,1.50
2014.08.28 03:25:14.624,1.5746,1.5748,1.00,1.00
2014.08.28 03:25:14.675,1.57454,1.5748,1.00,1.00
2014.08.28 03:25:14.726,1.57454,1.57485,1.00,1.00
2014.08.28 03:25:15.551,1.57464,1.57485,1.00,1.00
2014.08.28 03:25:15.703,1.57464,1.57491,1.00,1.13
2014.08.28 03:25:15.804,1.57464,1.57494,1.00,1.00
2014.08.28 03:25:15.905,1.57457,1.57494,1.00,1.13
2014.08.28 03:25:15.956,1.57457,1.57489,1.00,1.00
2014.08.28 03:25:16.737,1.57457,1.57488,1.00,1.00
2014.08.28 03:25:16.989,1.57463,1.57495,1.50,1.13
2014.08.28 03:25:17.090,1.57474,1.57495,1.00,1.13
2014.08.28 03:25:19.102,1.57464,1.57495,1.00,1.00
2014.08.28 03:25:19.153,1.57464,1.5749,1.00,1.00
2014.08.28 03:25:19.204,1.57461,1.5749,1.00,1.00
2014.08.28 03:25:19.708,1.57461,1.57491,1.00,1.00
2014.08.28 03:25:20.373,1.57461,1.5749,1.00,1.00
2014.08.28 03:25:20.833,1.57473,1.5749,1.00,1.00
2014.08.28 03:25:20.984,1.57473,1.57496,1.00,1.00
2014.08.28 03:25:21.511,1.57473,1.57496,1.00,1.38
2014.08.28 03:25:21.612,1.57466,1.57496,1.00,1.00
2014.08.28 03:25:21.662,1.57466,1.57492,1.00,1.00
2014.08.28 03:25:21.713,1.57464,1.57492,1.00,1.00
2014.08.28 03:25:21.764,1.57464,1.57497,1.00,1.00
2014.08.28 03:25:22.286,1.57463,1.57497,1.50,1.00
2014.08.28 03:25:25.913,1.57463,1.57495,1.00,1.00
2014.08.28 03:25:27.865,1.57464,1.57495,1.00,1.00
2014.08.28 03:25:29.183,1.57463,1.57495,1.00,1.00
2014.08.28 03:25:29.486,1.57463,1.57492,1.00,1.00
2014.08.28 03:25:29.537,1.57458,1.57492,1.00,1.00
2014.08.28 03:25:29.822,1.57454,1.57487,1.00,1.50
2014.08.28 03:25:30.175,1.57463,1.57485,1.00,1.38
2014.08.28 03:25:31.925,1.57463,1.57486,1.00,1.13
2014.08.28 03:25:32.229,1.57464,1.57487,1.00,1.38
2014.08.28 03:25:33.631,1.57464,1.57487,1.00,1.38
2014.08.28 03:25:36.652,1.57464,1.57489,1.00,1.75
2014.08.28 03:25:38.718,1.57464,1.57489,1.00,1.00
2014.08.28 03:25:39.232,1.57464,1.5749,1.00,1.00
2014.08.28 03:25:39.743,1.57464,1.57491,1.00,1.00
2014.08.28 03:25:44.015,1.57464,1.57495,1.50,1.00
2014.08.28 03:25:44.116,1.57464,1.57497,1.00,1.00
2014.08.28 03:25:44.217,1.57464,1.57493,1.00,1.00
2014.08.28 03:25:44.318,1.57464,1.57496,1.00,1.00
2014.08.28 03:25:44.722,1.57466,1.57496,1.00,1.00
2014.08.28 03:25:45.328,1.57466,1.57498,1.00,1.00
2014.08.28 03:25:45.718,1.57473,1.57498,1.00,1.00
2014.08.28 03:25:45.769,1.57473,1.575,1.00,1.00
2014.08.28 03:25:46.345,1.57474,1.575,1.00,1.00
2014.08.28 03:25:47.740,1.57474,1.57502,1.00,1.00
2014.08.28 03:25:49.134,1.57468,1.57502,1.00,1.00
2014.08.28 03:25:51.148,1.57467,1.57502,1.00,1.50
2014.08.28 03:25:51.501,1.57469,1.57502,1.00,1.00
2014.08.28 03:25:52.119,1.57469,1.57503,1.50,1.00
2014.08.28 03:25:56.745,1.57469,1.57502,1.50,1.00
2014.08.28 03:25:58.127,1.57469,1.57503,1.50,1.00
2014.08.28 03:25:58.445,1.57474,1.57503,1.00,1.00
2014.08.28 03:26:02.223,1.57473,1.57503,1.00,1.00
2014.08.28 03:26:10.352,1.57474,1.57503,1.00,1.00
2014.08.28 03:26:16.646,1.57473,1.57503,1.00,1.00
2014.08.28 03:26:26.221,1.57473,1.57502,1.00,1.00
2014.08.28 03:26:26.724,1.57473,1.57503,1.00,1.00
2014.08.28 03:26:30.840,1.57474,1.57503,1.00,1.00
2014.08.28 03:26:36.912,1.57474,1.57502,1.00,1.00
2014.08.28 03:26:41.942,1.57469,1.57502,1.00,1.00
2014.08.28 03:26:41.993,1.57474,1.57502,1.00,1.00
2014.08.28 03:26:42.195,1.5747,1.57501,1.00,1.00
2014.08.28 03:26:42.548,1.57468,1.57501,1.00,1.00
2014.08.28 03:26:43.143,1.57468,1.57499,1.00,1.00
2014.08.28 03:26:43.402,1.57465,1.57499,1.50,1.00
2014.08.28 03:26:43.603,1.57469,1.57499,1.00,1.00
2014.08.28 03:26:43.863,1.57465,1.57498,1.00,1.00
2014.08.28 03:26:43.964,1.57465,1.57496,1.00,1.00
2014.08.28 03:26:44.377,1.5747,1.57502,1.00,1.00
2014.08.28 03:26:44.479,1.57466,1.57501,1.38,1.00
2014.08.28 03:26:44.529,1.57471,1.57501,1.00,1.00
2014.08.28 03:26:44.681,1.57474,1.57505,1.00,1.00
2014.08.28 03:26:44.782,1.57474,1.57501,1.00,1.00
2014.08.28 03:26:44.883,1.57474,1.57504,1.00,1.00
2014.08.28 03:26:44.984,1.57474,1.57502,1.00,1.00
2014.08.28 03:26:46.578,1.57468,1.57502,1.13,1.00
2014.08.28 03:26:46.931,1.5747,1.57502,1.00,1.00
2014.08.28 03:26:46.982,1.5747,1.57507,1.50,1.50
2014.08.28 03:26:47.083,1.5747,1.57503,1.00,1.00
2014.08.28 03:26:47.451,1.57474,1.57502,1.00,1.00
2014.08.28 03:26:52.299,1.57474,1.57506,1.00,1.00
2014.08.28 03:26:52.400,1.57474,1.57503,1.00,1.00
2014.08.28 03:26:52.501,1.57474,1.57505,1.00,1.00
2014.08.28 03:26:56.332,1.57473,1.57505,1.00,1.00
2014.08.28 03:26:57.329,1.57471,1.57505,1.00,1.00
2014.08.28 03:26:57.379,1.57469,1.57498,1.00,1.00
2014.08.28 03:26:57.481,1.57465,1.57496,1.00,1.00
2014.08.28 03:26:57.632,1.5746,1.57496,1.50,1.00
2014.08.28 03:26:58.828,1.5746,1.57496,1.88,1.00
2014.08.28 03:26:59.131,1.57464,1.57498,1.00,1.00
2014.08.28 03:26:59.447,1.57463,1.57495,1.00,1.00
2014.08.28 03:26:59.498,1.57463,1.57498,1.50,1.50
2014.08.28 03:27:03.492,1.57464,1.57498,1.00,1.00
2014.08.28 03:27:03.694,1.5746,1.57495,1.00,1.00
2014.08.28 03:27:03.846,1.57464,1.57495,1.00,1.00
2014.08.28 03:27:04.897,1.57464,1.57492,1.00,1.00
2014.08.28 03:27:05.268,1.57458,1.57492,1.00,1.00
2014.08.28 03:27:05.721,1.57458,1.57488,1.00,1.00
2014.08.28 03:27:06.230,1.57458,1.57486,1.50,1.00
2014.08.28 03:27:11.837,1.57458,1.57489,1.00,1.00
2014.08.28 03:27:17.053,1.57454,1.57489,1.00,1.00
2014.08.28 03:27:17.154,1.57454,1.57485,1.00,1.00
2014.08.28 03:27:19.631,1.57454,1.57488,1.00,1.00
2014.08.28 03:27:23.607,1.57454,1.57488,1.38,1.00
2014.08.28 03:27:23.658,1.57464,1.57492,1.00,1.00
2014.08.28 03:27:23.861,1.57456,1.57492,1.38,1.00
2014.08.28 03:27:26.701,1.57456,1.57492,1.13,1.00
2014.08.28 03:27:32.552,1.57457,1.57498,1.35,1.50
2014.08.28 03:27:32.653,1.57466,1.57498,1.00,1.00
2014.08.28 03:27:32.855,1.57464,1.57498,1.00,1.00
2014.08.28 03:27:32.906,1.57464,1.575,1.00,1.00
2014.08.28 03:27:33.057,1.57464,1.57495,1.00,1.00
2014.08.28 03:27:35.161,1.57463,1.57495,1.00,1.00
2014.08.28 03:27:35.381,1.57461,1.57495,1.00,1.00
2014.08.28 03:27:35.482,1.57457,1.57495,1.88,1.00
2014.08.28 03:27:35.590,1.57457,1.57493,1.13,1.00
2014.08.28 03:27:35.917,1.57455,1.57489,1.50,1.00
2014.08.28 03:27:39.776,1.57455,1.57489,1.88,1.00
2014.08.28 03:27:40.079,1.57464,1.57489,1.00,1.00
2014.08.28 03:27:40.130,1.57456,1.57489,1.00,1.00
2014.08.28 03:27:40.718,1.57456,1.57489,1.38,1.00
2014.08.28 03:27:41.482,1.5746,1.57495,1.00,1.00
2014.08.28 03:27:41.583,1.57464,1.57495,1.00,1.00
2014.08.28 03:27:41.900,1.57464,1.57491,1.00,1.00
2014.08.28 03:27:45.861,1.57464,1.57494,1.00,1.00
2014.08.28 03:27:45.962,1.57464,1.57491,1.00,1.00
2014.08.28 03:27:46.377,1.57464,1.57494,1.00,1.00
2014.08.28 03:27:46.478,1.57464,1.57492,1.00,1.00
2014.08.28 03:27:47.618,1.57463,1.57492,1.00,1.00
2014.08.28 03:27:49.695,1.57464,1.57492,1.00,1.00
2014.08.28 03:27:50.223,1.57464,1.57491,1.00,1.00
2014.08.28 03:27:50.708,1.57464,1.57494,1.00,1.00
2014.08.28 03:27:51.390,1.57464,1.57492,1.00,1.00
2014.08.28 03:27:52.676,1.57463,1.57492,1.00,1.00
2014.08.28 03:27:52.727,1.57463,1.57494,1.00,1.00
2014.08.28 03:27:53.970,1.5746,1.57494,1.00,1.00
2014.08.28 03:27:54.792,1.5746,1.57491,1.00,1.00
2014.08.28 03:27:56.894,1.57462,1.57495,1.00,1.50
2014.08.28 03:27:56.996,1.57459,1.57495,1.00,1.00
2014.08.28 03:27:57.097,1.57459,1.57491,1.00,1.00
2014.08.28 03:28:02.262,1.5746,1.57491,1.00,1.00
2014.08.28 03:28:05.915,1.57457,1.57491,1.00,1.00
2014.08.28 03:28:09.946,1.57456,1.57493,1.50,1.00
2014.08.28 03:28:10.047,1.57464,1.57493,1.00,1.00
2014.08.28 03:28:10.351,1.57463,1.57495,1.00,1.00
2014.08.28 03:28:10.980,1.57464,1.57495,1.00,1.00
2014.08.28 03:28:15.423,1.57459,1.57495,1.00,1.00
2014.08.28 03:28:16.928,1.57457,1.57492,1.00,1.00
2014.08.28 03:28:18.934,1.57454,1.57489,1.50,1.00
2014.08.28 03:28:23.483,1.57456,1.57489,1.00,1.00
2014.08.28 03:28:42.867,1.57454,1.57489,1.50,1.00
2014.08.28 03:28:43.019,1.57454,1.57486,1.50,1.00
2014.08.28 03:28:51.839,1.57454,1.57484,1.00,1.00
2014.08.28 03:28:52.599,1.57453,1.57484,1.00,1.00
2014.08.28 03:28:53.903,1.57453,1.57476,1.00,1.00
2014.08.28 03:28:54.004,1.57453,1.57482,1.00,1.00
2014.08.28 03:28:54.106,1.57454,1.5748,1.00,1.00
2014.08.28 03:28:54.157,1.57445,1.5748,1.00,1.00
2014.08.28 03:28:54.208,1.57444,1.57478,1.00,1.00
2014.08.28 03:28:54.511,1.57444,1.57475,1.00,1.00
2014.08.28 03:28:54.937,1.57444,1.57473,1.00,1.00
2014.08.28 03:28:55.411,1.57443,1.57475,1.00,1.50
2014.08.28 03:28:55.970,1.57444,1.57475,1.00,1.50
2014.08.28 03:28:58.230,1.57443,1.57475,1.00,1.50
2014.08.28 03:28:59.423,1.57443,1.57473,1.00,1.00
2014.08.28 03:28:59.980,1.57444,1.57473,1.00,1.00
2014.08.28 03:29:03.049,1.57443,1.57473,1.00,1.00
2014.08.28 03:29:03.150,1.57443,1.57475,1.00,1.50
2014.08.28 03:29:09.363,1.57443,1.57472,1.00,1.00
2014.08.28 03:29:17.349,1.57444,1.57472,1.00,1.50
2014.08.28 03:29:18.340,1.57443,1.57472,1.00,1.50
2014.08.28 03:29:19.129,1.57444,1.57472,1.00,1.00
2014.08.28 03:29:19.380,1.57444,1.57476,1.50,1.00
2014.08.28 03:29:19.733,1.57444,1.57478,1.88,1.00
2014.08.28 03:29:20.137,1.57454,1.57478,1.00,1.00
2014.08.28 03:29:20.389,1.57454,1.57481,1.00,1.00
2014.08.28 03:29:20.792,1.57454,1.57481,1.38,1.00
2014.08.28 03:29:21.389,1.57454,1.57481,1.38,1.00
2014.08.28 03:29:22.640,1.57453,1.57481,1.00,1.00
2014.08.28 03:29:22.691,1.57454,1.57487,1.00,1.00
2014.08.28 03:29:24.268,1.57458,1.57487,1.00,1.00
2014.08.28 03:29:24.319,1.57458,1.57492,1.00,1.00
2014.08.28 03:29:24.421,1.57464,1.57492,1.00,1.00
2014.08.28 03:29:24.623,1.57458,1.57492,1.00,1.50
2014.08.28 03:29:24.938,1.57463,1.57492,1.00,1.00
2014.08.28 03:29:31.559,1.57464,1.57492,1.00,1.00
2014.08.28 03:29:32.128,1.57463,1.57492,1.00,1.00
2014.08.28 03:29:39.369,1.57464,1.57492,1.00,1.00
2014.08.28 03:29:39.625,1.57458,1.57492,1.00,1.00
2014.08.28 03:29:39.808,1.57463,1.57492,1.00,1.00
2014.08.28 03:29:40.028,1.57458,1.57492,1.00,1.00
2014.08.28 03:29:40.801,1.57463,1.57492,1.00,1.00
2014.08.28 03:29:42.330,1.57463,1.57486,1.00,1.00
2014.08.28 03:29:42.380,1.57454,1.57486,1.13,1.00
2014.08.28 03:29:42.431,1.57454,1.57482,1.00,1.00
2014.08.28 03:29:42.740,1.57454,1.57479,1.00,1.00
2014.08.28 03:29:43.357,1.57454,1.57478,1.00,1.00
2014.08.28 03:29:47.068,1.57453,1.57478,1.00,1.00
2014.08.28 03:29:56.129,1.57453,1.57477,1.00,1.00
2014.08.28 03:29:59.406,1.57454,1.57477,1.00,1.00
2014.08.28 03:30:03.129,1.57444,1.57477,1.00,1.00
2014.08.28 03:30:03.509,1.57454,1.57477,1.00,1.00
2014.08.28 03:30:03.697,1.57443,1.57477,1.00,1.00
2014.08.28 03:30:03.930,1.57443,1.57475,1.00,1.00
2014.08.28 03:30:08.651,1.57444,1.57475,1.00,1.00
2014.08.28 03:30:09.399,1.57443,1.57475,1.00,1.00
2014.08.28 03:30:10.431,1.57444,1.57475,1.00,1.00
2014.08.28 03:30:13.600,1.57439,1.57475,1.50,1.00
2014.08.28 03:30:13.651,1.57437,1.57472,1.38,1.00
2014.08.28 03:30:13.953,1.57434,1.57465,1.88,1.00
2014.08.28 03:30:17.252,1.57444,1.57465,1.00,1.00
2014.08.28 03:30:21.059,1.57443,1.57465,1.00,1.00
2014.08.28 03:30:21.213,1.57443,1.5747,1.00,1.00
2014.08.28 03:30:21.420,1.57443,1.57467,1.00,1.00
2014.08.28 03:30:22.270,1.57444,1.57467,1.00,1.00
2014.08.28 03:30:29.794,1.57444,1.57464,1.00,1.00
2014.08.28 03:30:30.405,1.57443,1.57464,1.00,1.00
2014.08.28 03:30:41.848,1.57444,1.57464,1.00,1.00
2014.08.28 03:30:44.059,1.57444,1.57469,1.00,1.00
2014.08.28 03:30:48.809,1.57436,1.57465,1.00,1.00
2014.08.28 03:30:49.011,1.57436,1.57469,1.00,1.00
2014.08.28 03:30:55.793,1.57434,1.57469,1.13,1.50
2014.08.28 03:30:55.844,1.57434,1.57466,1.13,1.00
2014.08.28 03:30:56.643,1.57433,1.57466,1.00,1.00
2014.08.28 03:30:56.997,1.57433,1.57461,1.00,1.00
2014.08.28 03:30:57.623,1.57434,1.57461,1.00,1.00
2014.08.28 03:30:58.348,1.57444,1.57461,1.00,1.00
2014.08.28 03:30:58.399,1.57444,1.57465,1.00,1.00
2014.08.28 03:31:00.269,1.57444,1.57469,1.00,1.00
2014.08.28 03:31:00.775,1.57444,1.57468,1.00,1.00
2014.08.28 03:31:01.268,1.57443,1.57472,1.00,1.50
2014.08.28 03:31:02.131,1.57444,1.57472,1.00,1.00
2014.08.28 03:31:02.643,1.57443,1.57472,1.00,1.00
2014.08.28 03:31:04.986,1.57443,1.57468,1.00,1.00
2014.08.28 03:31:05.727,1.57444,1.57468,1.00,1.00
2014.08.28 03:31:14.098,1.57436,1.57462,1.00,1.00
2014.08.28 03:31:14.612,1.57435,1.57463,1.00,1.00
2014.08.28 03:31:15.226,1.57435,1.57466,1.00,1.00
2014.08.28 03:31:20.662,1.57437,1.57466,1.13,1.00
2014.08.28 03:31:20.966,1.57439,1.57466,1.00,1.00
2014.08.28 03:31:21.067,1.57439,1.5747,1.00,1.00
2014.08.28 03:31:21.449,1.57444,1.5747,1.00,1.00
2014.08.28 03:31:30.071,1.57439,1.5747,1.38,1.00
2014.08.28 03:31:35.121,1.57444,1.5747,1.00,1.00
2014.08.28 03:31:51.918,1.5744,1.5747,1.38,1.00
2014.08.28 03:31:52.087,1.5744,1.57472,1.38,1.00
2014.08.28 03:31:58.115,1.5744,1.57472,1.00,1.00
2014.08.28 03:32:03.156,1.5744,1.57474,1.13,1.00
2014.08.28 03:32:08.097,1.5744,1.57465,1.00,1.00
2014.08.28 03:32:08.249,1.5744,1.57469,1.00,1.00
2014.08.28 03:32:14.649,1.57438,1.57469,1.38,1.00
2014.08.28 03:32:15.338,1.57438,1.57469,1.00,1.00
2014.08.28 03:32:15.500,1.57438,1.57465,1.00,1.00
2014.08.28 03:32:35.795,1.57438,1.57465,1.38,1.00
2014.08.28 03:32:35.946,1.57438,1.5747,1.38,1.00
2014.08.28 03:32:39.446,1.57439,1.57476,1.13,1.50
2014.08.28 03:32:39.766,1.57444,1.57476,1.00,1.50
2014.08.28 03:32:40.321,1.57443,1.57476,1.00,1.50
2014.08.28 03:32:40.897,1.57445,1.57476,1.00,1.00
2014.08.28 03:32:40.948,1.57445,1.5748,1.00,1.00
2014.08.28 03:32:40.999,1.57447,1.57483,1.00,1.00
2014.08.28 03:32:41.201,1.57445,1.5748,1.38,1.00
2014.08.28 03:32:41.871,1.57448,1.5748,1.50,1.00
2014.08.28 03:32:43.427,1.5745,1.57486,1.00,1.00
2014.08.28 03:32:44.667,1.5745,1.57486,1.38,1.00
2014.08.28 03:32:44.979,1.57454,1.57488,1.00,1.00
2014.08.28 03:32:48.470,1.57456,1.57488,1.00,1.00
2014.08.28 03:32:49.948,1.57456,1.57491,1.50,1.00
2014.08.28 03:32:50.926,1.57457,1.57491,1.00,1.00
2014.08.28 03:32:57.126,1.57456,1.57487,1.38,1.00
2014.08.28 03:32:57.227,1.57454,1.57487,1.00,1.00
2014.08.28 03:32:57.278,1.57454,1.57489,1.00,1.00
2014.08.28 03:32:57.329,1.57454,1.57489,1.00,1.60
2014.08.28 03:32:57.631,1.5745,1.57484,1.00,1.00
2014.08.28 03:33:03.330,1.57453,1.57484,1.00,1.00
2014.08.28 03:33:08.805,1.5745,1.57484,1.00,1.00
2014.08.28 03:33:11.336,1.57454,1.57484,1.00,1.00
2014.08.28 03:33:12.156,1.57456,1.57489,1.00,1.00
2014.08.28 03:33:12.257,1.57458,1.57491,1.00,1.00
2014.08.28 03:33:12.358,1.57458,1.57493,1.00,1.50
2014.08.28 03:33:12.459,1.5746,1.57496,1.00,1.00
2014.08.28 03:33:12.560,1.57463,1.57498,1.00,1.00
2014.08.28 03:33:12.862,1.57466,1.575,1.00,2.10
2014.08.28 03:33:13.519,1.57466,1.57499,1.00,1.00
2014.08.28 03:33:14.963,1.57466,1.575,1.00,2.10
2014.08.28 03:33:22.070,1.57466,1.575,1.38,2.10
2014.08.28 03:33:22.796,1.57468,1.575,1.00,1.35
2014.08.28 03:33:23.809,1.57468,1.57504,1.00,1.00
2014.08.28 03:33:23.910,1.57474,1.57504,1.00,1.00
2014.08.28 03:33:24.112,1.57468,1.57503,1.00,1.00
2014.08.28 03:33:24.163,1.5747,1.57503,1.00,1.00
2014.08.28 03:33:24.365,1.5747,1.57507,1.00,1.00
2014.08.28 03:33:25.326,1.5747,1.57507,1.38,1.00
2014.08.28 03:33:26.311,1.57475,1.57511,1.00,1.50
2014.08.28 03:33:27.790,1.57477,1.57511,1.00,1.00
2014.08.28 03:33:28.291,1.57477,1.57512,1.00,1.00
2014.08.28 03:33:29.395,1.57477,1.57513,1.00,1.00
2014.08.28 03:33:35.483,1.57475,1.5751,1.00,1.00
2014.08.28 03:33:38.185,1.57473,1.57507,1.00,1.00
2014.08.28 03:33:46.111,1.5747,1.57505,1.88,1.00
2014.08.28 03:33:48.639,1.57474,1.57507,1.00,1.00
2014.08.28 03:33:57.051,1.57474,1.57511,1.50,1.00
2014.08.28 03:33:59.424,1.57478,1.57512,1.00,1.00
2014.08.28 03:34:00.551,1.57481,1.57518,1.00,1.00
2014.08.28 03:34:02.202,1.57484,1.57518,1.00,1.00
2014.08.28 03:34:11.454,1.57484,1.57516,1.00,1.00
2014.08.28 03:34:11.958,1.57482,1.57516,1.38,1.00
2014.08.28 03:34:20.070,1.57482,1.57516,1.13,1.00
2014.08.28 03:34:22.645,1.57483,1.57516,1.00,1.00
2014.08.28 03:34:22.696,1.57485,1.57519,1.00,1.00
2014.08.28 03:34:23.781,1.57486,1.57523,1.00,1.00
2014.08.28 03:34:45.528,1.57486,1.5752,1.00,1.00
2014.08.28 03:34:48.622,1.57483,1.57518,1.00,1.00
2014.08.28 03:34:49.835,1.57481,1.57515,1.50,1.00
2014.08.28 03:34:52.734,1.57483,1.57518,1.00,1.00
2014.08.28 03:34:54.305,1.57485,1.57519,1.00,1.00
2014.08.28 03:34:54.608,1.57488,1.57522,1.08,1.00
2014.08.28 03:34:55.263,1.57488,1.57522,1.08,1.00
2014.08.28 03:34:55.768,1.57488,1.57522,1.08,1.00
2014.08.28 03:34:56.474,1.57488,1.57522,1.08,1.00
2014.08.28 03:34:56.978,1.57488,1.57522,1.08,1.00
2014.08.28 03:34:57.863,1.57488,1.57521,1.08,1.00
2014.08.28 03:34:57.964,1.57488,1.57521,1.00,1.00
2014.08.28 03:34:58.015,1.57485,1.5752,1.00,1.00
2014.08.28 03:35:00.375,1.57484,1.5752,1.00,1.00
2014.08.28 03:35:00.427,1.57488,1.57523,1.00,1.00
2014.08.28 03:35:22.078,1.57488,1.57522,1.00,1.00
2014.08.28 03:35:22.279,1.57485,1.5752,1.00,1.00
2014.08.28 03:35:35.404,1.57483,1.57517,1.00,1.00
2014.08.28 03:35:45.308,1.57485,1.57519,1.00,1.00
2014.08.28 03:35:48.888,1.57487,1.57523,1.00,1.00
2014.08.28 03:35:59.716,1.57488,1.57522,1.00,1.00
2014.08.28 03:36:10.874,1.57488,1.57516,1.00,1.00
2014.08.28 03:36:10.925,1.57483,1.57516,1.00,1.00
2014.08.28 03:36:11.127,1.5748,1.57516,2.25,1.50
2014.08.28 03:36:11.429,1.57483,1.57518,1.00,1.00
2014.08.28 03:36:11.935,1.57483,1.57519,1.50,1.00
2014.08.28 03:36:25.837,1.57483,1.57517,1.00,1.00
2014.08.28 03:36:25.888,1.57481,1.57517,1.00,1.00
2014.08.28 03:36:25.939,1.5748,1.57514,1.50,1.00
2014.08.28 03:36:26.191,1.57478,1.57515,1.50,1.00
2014.08.28 03:36:28.524,1.57478,1.57514,1.00,1.00
2014.08.28 03:36:29.249,1.57477,1.57511,1.50,1.00
2014.08.28 03:36:37.600,1.57478,1.57514,1.00,1.50
2014.08.28 03:36:37.904,1.57481,1.57517,1.00,1.00
2014.08.28 03:36:38.307,1.57485,1.57521,1.00,1.00
2014.08.28 03:36:38.824,1.57485,1.57522,1.00,1.00
2014.08.28 03:36:40.309,1.57484,1.57518,1.00,1.00
2014.08.28 03:36:46.254,1.57484,1.57516,1.00,1.00
2014.08.28 03:36:46.304,1.57479,1.57516,1.00,1.00
2014.08.28 03:36:46.405,1.57478,1.57511,1.00,1.00
2014.08.28 03:36:46.456,1.57476,1.57511,1.50,1.00
2014.08.28 03:36:48.643,1.57478,1.57511,1.00,1.00
2014.08.28 03:36:49.200,1.57477,1.57511,1.00,1.00
2014.08.28 03:36:52.135,1.57476,1.57511,1.00,1.00
2014.08.28 03:36:52.459,1.57475,1.57508,1.00,1.00
2014.08.28 03:36:52.974,1.57474,1.57508,1.00,1.00
2014.08.28 03:37:01.200,1.57477,1.57508,1.00,1.00
2014.08.28 03:37:01.301,1.57474,1.57508,1.00,1.00
2014.08.28 03:37:15.427,1.57475,1.57509,1.00,1.00
2014.08.28 03:37:17.685,1.57478,1.57509,1.00,1.00
2014.08.28 03:37:22.036,1.57478,1.57513,1.00,1.13
2014.08.28 03:37:22.086,1.57482,1.57513,1.00,1.13
2014.08.28 03:37:22.238,1.57482,1.57515,1.00,2.25
2014.08.28 03:37:22.787,1.57483,1.57515,1.00,1.50
2014.08.28 03:37:22.989,1.57486,1.57518,1.00,1.00
2014.08.28 03:37:45.479,1.57486,1.5752,1.00,1.00
2014.08.28 03:37:58.833,1.57494,1.57522,1.00,1.50
2014.08.28 03:37:59.940,1.57494,1.57525,1.00,1.00
2014.08.28 03:38:06.351,1.57496,1.57526,1.00,1.00
2014.08.28 03:38:06.862,1.57496,1.57525,1.00,1.00
2014.08.28 03:38:11.266,1.57492,1.57525,1.00,1.50
2014.08.28 03:38:41.783,1.57492,1.57523,1.00,1.00
2014.08.28 03:38:42.901,1.57492,1.57525,1.00,1.00
2014.08.28 03:38:46.150,1.57496,1.57525,1.00,1.00
2014.08.28 03:38:46.302,1.57496,1.57527,1.00,1.50
2014.08.28 03:38:46.503,1.57496,1.57529,1.00,1.00
2014.08.28 03:38:46.705,1.57501,1.57529,1.00,1.00
2014.08.28 03:38:49.899,1.57501,1.57533,1.00,1.88
2014.08.28 03:38:51.114,1.57501,1.57533,1.00,1.50
2014.08.28 03:38:52.329,1.57496,1.57533,1.00,1.88
2014.08.28 03:38:53.561,1.57494,1.5753,1.00,1.00
2014.08.28 03:38:58.901,1.57496,1.57532,1.00,1.00
2014.08.28 03:38:59.605,1.57502,1.57534,1.00,1.00
2014.08.28 03:38:59.706,1.57496,1.57533,1.00,1.00
2014.08.28 03:39:02.480,1.57496,1.57524,1.00,1.00
2014.08.28 03:39:03.890,1.57494,1.57524,1.00,1.00
2014.08.28 03:39:04.142,1.57494,1.5752,1.00,1.00
2014.08.28 03:39:04.193,1.5749,1.5752,1.00,1.00
2014.08.28 03:39:05.684,1.5749,1.57522,1.00,1.00
2014.08.28 03:39:11.913,1.57488,1.57522,1.00,1.50
2014.08.28 03:39:20.655,1.57488,1.57521,1.00,1.00
2014.08.28 03:39:21.009,1.5749,1.57522,1.00,1.00
2014.08.28 03:39:21.990,1.5749,1.57518,1.00,1.00
2014.08.28 03:39:23.401,1.5749,1.57519,1.00,1.00
2014.08.28 03:39:25.190,1.5749,1.57517,1.00,1.00
2014.08.28 03:39:25.695,1.5749,1.57518,1.00,1.00
2014.08.28 03:39:26.484,1.5749,1.5752,1.00,1.00
2014.08.28 03:39:26.816,1.57496,1.5752,1.00,1.00
2014.08.28 03:39:26.918,1.57493,1.57527,1.00,1.00
2014.08.28 03:39:27.019,1.57497,1.57529,1.00,1.00
2014.08.28 03:39:27.120,1.57492,1.57526,1.00,1.50
2014.08.28 03:39:27.221,1.57489,1.57523,1.00,1.00
2014.08.28 03:39:27.745,1.57489,1.57522,1.00,1.00
2014.08.28 03:39:29.038,1.57489,1.5752,1.00,1.00
2014.08.28 03:39:29.361,1.57495,1.5752,1.00,1.00
2014.08.28 03:39:29.462,1.57501,1.57528,1.00,1.00
2014.08.28 03:39:29.664,1.57496,1.57522,1.00,1.00
2014.08.28 03:39:30.219,1.57493,1.57522,1.00,1.00
2014.08.28 03:39:30.759,1.57493,1.57523,1.00,1.00
2014.08.28 03:39:31.087,1.57493,1.57525,1.00,1.00
2014.08.28 03:39:31.339,1.5749,1.57525,1.00,1.00
2014.08.28 03:39:31.440,1.57493,1.57525,1.00,1.00
2014.08.28 03:39:31.642,1.57495,1.57529,1.00,1.00
2014.08.28 03:39:31.844,1.57493,1.57527,1.38,1.50
2014.08.28 03:39:32.147,1.57489,1.57518,1.00,1.00
2014.08.28 03:39:32.197,1.57489,1.5752,1.00,1.00
2014.08.28 03:39:39.453,1.57487,1.5752,1.00,1.00
2014.08.28 03:39:47.645,1.57484,1.5752,2.25,1.50
2014.08.28 03:39:55.381,1.57484,1.57516,1.00,1.00
2014.08.28 03:39:55.535,1.57482,1.57516,1.00,1.00
2014.08.28 03:39:56.076,1.57476,1.57507,1.00,1.00
2014.08.28 03:39:56.177,1.57477,1.57513,1.00,1.00
2014.08.28 03:39:56.479,1.57474,1.57505,1.00,1.00
2014.08.28 03:39:56.733,1.57472,1.57504,1.00,1.00
2014.08.28 03:39:57.323,1.57472,1.57503,1.00,1.00
2014.08.28 03:40:02.369,1.5747,1.57503,1.00,1.00
2014.08.28 03:40:02.420,1.5747,1.575,1.00,1.00
2014.08.28 03:40:05.036,1.5747,1.57503,1.00,1.00
2014.08.28 03:40:07.599,1.5747,1.57501,1.00,1.00
2014.08.28 03:40:10.760,1.5747,1.575,1.00,1.00
2014.08.28 03:40:11.277,1.57469,1.57499,1.00,1.00
2014.08.28 03:40:22.579,1.57469,1.57499,1.00,1.60
2014.08.28 03:40:22.731,1.57458,1.57492,1.00,1.38
2014.08.28 03:40:22.832,1.57462,1.57493,1.00,1.00
2014.08.28 03:40:22.883,1.57463,1.57496,1.00,1.00
2014.08.28 03:40:22.933,1.57463,1.57491,1.50,1.00
2014.08.28 03:40:23.236,1.57466,1.57498,1.00,1.00
2014.08.28 03:40:23.541,1.57468,1.57498,1.00,1.00
2014.08.28 03:40:23.954,1.57468,1.57495,1.00,1.00
2014.08.28 03:40:24.609,1.57468,1.57494,1.00,1.00
2014.08.28 03:40:24.811,1.57466,1.57493,1.00,1.00
2014.08.28 03:40:25.393,1.57466,1.57494,1.00,1.00
2014.08.28 03:40:26.507,1.57466,1.57495,1.00,1.00
2014.08.28 03:40:32.090,1.57466,1.57494,1.00,1.00
2014.08.28 03:40:32.191,1.57466,1.57492,1.00,1.00
2014.08.28 03:40:32.242,1.57461,1.57492,1.00,1.00
2014.08.28 03:40:32.411,1.57461,1.57486,1.00,1.00
2014.08.28 03:40:32.463,1.57459,1.57486,1.50,1.00
2014.08.28 03:40:44.118,1.57459,1.57485,1.00,1.00
2014.08.28 03:40:46.548,1.57456,1.57485,1.00,1.00
2014.08.28 03:40:57.724,1.57456,1.57484,1.00,1.00
2014.08.28 03:40:58.264,1.57456,1.57483,1.00,1.00
2014.08.28 03:40:58.365,1.57454,1.57483,1.00,1.00
2014.08.28 03:40:58.416,1.57454,1.5748,1.00,1.00
2014.08.28 03:41:01.859,1.57452,1.5748,1.00,1.00
2014.08.28 03:41:02.811,1.57452,1.57473,1.00,1.00
2014.08.28 03:41:02.861,1.57448,1.57473,1.00,1.00
2014.08.28 03:41:02.912,1.57448,1.57458,1.00,1.00
2014.08.28 03:41:02.963,1.57445,1.57455,1.00,1.00
2014.08.28 03:41:03.064,1.57446,1.57465,1.00,1.00
2014.08.28 03:41:03.115,1.57446,1.57457,1.00,1.00
2014.08.28 03:41:03.165,1.57443,1.57457,1.00,1.00
2014.08.28 03:41:03.216,1.57443,1.57472,1.00,1.00
2014.08.28 03:41:03.368,1.57439,1.57471,1.00,1.00
2014.08.28 03:41:03.418,1.57441,1.57471,1.00,1.00
2014.08.28 03:41:03.721,1.57433,1.57455,1.00,1.00
2014.08.28 03:41:03.772,1.57433,1.57465,1.00,1.00
2014.08.28 03:41:04.381,1.57434,1.57465,1.00,1.00
2014.08.28 03:41:04.886,1.57434,1.57461,1.00,1.00
2014.08.28 03:41:04.936,1.5743,1.57461,1.00,1.00
2014.08.28 03:41:04.987,1.5743,1.57464,1.00,1.00
2014.08.28 03:41:05.150,1.57434,1.57464,1.00,1.00
2014.08.28 03:41:05.441,1.57433,1.5747,1.50,2.63
2014.08.28 03:41:05.492,1.57441,1.5747,1.00,1.38
2014.08.28 03:41:05.543,1.57441,1.57474,1.00,1.50
2014.08.28 03:41:05.594,1.57441,1.57477,1.00,1.00
2014.08.28 03:41:05.896,1.57445,1.57482,1.00,1.00
2014.08.28 03:41:06.870,1.57454,1.57482,1.00,1.00
2014.08.28 03:41:06.920,1.57454,1.57484,1.00,1.00
2014.08.28 03:41:07.122,1.5745,1.57484,1.00,1.00
2014.08.28 03:41:07.173,1.5745,1.5748,1.00,1.00
2014.08.28 03:41:07.324,1.5745,1.57484,1.00,1.00
2014.08.28 03:41:11.599,1.57453,1.57484,1.00,1.00
2014.08.28 03:41:11.852,1.5745,1.57483,1.00,1.00
2014.08.28 03:41:12.421,1.5745,1.57484,1.00,1.00
2014.08.28 03:41:12.910,1.5745,1.5748,1.00,1.00
2014.08.28 03:41:13.011,1.5745,1.57483,1.00,1.00
2014.08.28 03:41:16.022,1.57446,1.57483,1.00,1.50
2014.08.28 03:41:16.210,1.57446,1.57475,1.00,1.00
2014.08.28 03:41:16.311,1.57446,1.57479,1.00,1.00
2014.08.28 03:41:18.101,1.57446,1.57481,1.00,1.00
2014.08.28 03:41:22.799,1.57446,1.57483,1.00,1.00
2014.08.28 03:41:41.173,1.57446,1.57481,1.00,1.00
2014.08.28 03:41:41.426,1.57446,1.57483,1.00,1.50
2014.08.28 03:41:41.628,1.57444,1.57479,1.00,1.00
2014.08.28 03:41:42.132,1.57443,1.57478,1.00,1.00
2014.08.28 03:41:43.383,1.57443,1.57469,1.00,1.00
2014.08.28 03:41:43.484,1.57443,1.57477,1.00,1.00
2014.08.28 03:41:44.303,1.57443,1.57478,1.00,1.00
2014.08.28 03:41:51.547,1.57443,1.57479,1.00,1.00
2014.08.28 03:41:51.858,1.57443,1.57477,1.00,1.00
2014.08.28 03:41:52.279,1.57443,1.57479,1.00,1.00
2014.08.28 03:41:53.745,1.57443,1.5748,1.00,1.50
2014.08.28 03:41:57.680,1.57443,1.5748,1.00,1.88
2014.08.28 03:41:57.882,1.57442,1.57476,1.00,1.00
2014.08.28 03:41:58.184,1.57442,1.57473,1.00,1.00
2014.08.28 03:41:58.326,1.57437,1.57472,1.00,1.00
2014.08.28 03:41:59.009,1.57439,1.57473,1.00,1.00
2014.08.28 03:41:59.215,1.57439,1.57475,1.00,1.00
2014.08.28 03:41:59.316,1.5744,1.57477,1.00,1.00
2014.08.28 03:41:59.366,1.57443,1.57479,1.00,1.00
2014.08.28 03:41:59.671,1.57447,1.57481,1.00,1.50
2014.08.28 03:41:59.873,1.57454,1.57489,1.00,1.00
2014.08.28 03:42:00.024,1.57454,1.57491,1.00,1.00
2014.08.28 03:42:00.277,1.57458,1.57492,1.00,1.00
2014.08.28 03:42:01.171,1.57459,1.57494,1.00,1.00
2014.08.28 03:42:01.272,1.57459,1.57496,1.00,1.00
2014.08.28 03:42:02.178,1.57463,1.57497,1.00,1.00
2014.08.28 03:42:04.920,1.57463,1.57495,1.00,1.00
2014.08.28 03:42:05.072,1.57463,1.57497,1.00,1.00
2014.08.28 03:42:05.915,1.57465,1.57498,1.00,1.00
2014.08.28 03:42:13.896,1.57465,1.57496,1.00,1.00
2014.08.28 03:42:14.501,1.57463,1.57496,1.00,1.00
2014.08.28 03:42:15.382,1.57463,1.57495,1.00,1.00
2014.08.28 03:42:16.423,1.5746,1.57495,1.00,1.50
2014.08.28 03:42:45.454,1.57459,1.57497,1.00,1.50
2014.08.28 03:42:51.503,1.57462,1.57496,1.00,1.00
2014.08.28 03:42:56.707,1.57464,1.57499,1.00,1.50
2014.08.28 03:42:57.221,1.57466,1.57499,1.00,1.00
2014.08.28 03:43:02.336,1.57466,1.575,1.00,1.00
2014.08.28 03:43:03.409,1.57466,1.57501,1.00,1.00
2014.08.28 03:43:11.443,1.57466,1.575,1.00,1.00
2014.08.28 03:43:17.784,1.57466,1.57501,1.00,1.50
2014.08.28 03:43:21.845,1.57468,1.57501,1.00,1.00
2014.08.28 03:43:22.346,1.57468,1.575,1.00,1.00
2014.08.28 03:43:27.087,1.57468,1.57501,1.00,1.00
2014.08.28 03:43:27.138,1.57465,1.57501,1.00,1.00
2014.08.28 03:43:37.127,1.57465,1.57502,1.50,1.00
2014.08.28 03:43:37.177,1.57469,1.57503,1.00,1.00
2014.08.28 03:43:38.217,1.57469,1.57502,1.00,1.00
2014.08.28 03:43:38.721,1.57469,1.57503,1.00,1.00
2014.08.28 03:43:47.758,1.57471,1.57505,1.00,1.00
2014.08.28 03:43:50.380,1.57471,1.57505,1.00,1.38
2014.08.28 03:43:50.885,1.57466,1.57501,1.00,1.00
2014.08.28 03:43:50.986,1.57466,1.57499,1.00,1.00
2014.08.28 03:43:52.071,1.57462,1.57499,1.00,1.50
2014.08.28 03:43:54.175,1.57463,1.57499,1.00,1.50
2014.08.28 03:43:54.792,1.57466,1.57499,1.00,1.00
2014.08.28 03:44:05.475,1.57466,1.575,1.00,1.00
2014.08.28 03:44:11.297,1.57468,1.57503,1.00,1.50
2014.08.28 03:44:25.128,1.57468,1.57503,1.00,1.88
2014.08.28 03:44:25.179,1.57465,1.57501,1.00,1.13
2014.08.28 03:44:44.687,1.57464,1.57501,1.00,1.13
2014.08.28 03:45:00.003,1.57468,1.57502,1.00,1.00
2014.08.28 03:45:12.888,1.57468,1.57502,1.00,1.38
2014.08.28 03:45:13.411,1.57468,1.57502,1.00,1.00
2014.08.28 03:45:14.646,1.57468,1.57502,1.00,1.38
2014.08.28 03:45:15.396,1.57466,1.57501,1.00,1.13
2014.08.28 03:45:18.399,1.57466,1.57501,1.00,1.88
2014.08.28 03:45:18.601,1.57463,1.57499,1.00,1.00
2014.08.28 03:45:26.416,1.57465,1.57501,1.00,1.38
2014.08.28 03:45:26.718,1.57469,1.57501,1.00,1.00
2014.08.28 03:45:26.819,1.57469,1.57503,1.00,1.50
2014.08.28 03:45:30.622,1.57471,1.57504,1.00,1.13
2014.08.28 03:45:30.723,1.57471,1.57506,1.00,1.50
2014.08.28 03:45:30.925,1.57471,1.57506,1.00,1.88
2014.08.28 03:45:31.026,1.57471,1.57505,1.00,1.88
2014.08.28 03:45:31.127,1.57471,1.57505,1.00,1.88
2014.08.28 03:45:32.535,1.57471,1.57505,1.00,1.13
2014.08.28 03:45:33.065,1.57471,1.57506,1.00,1.50
2014.08.28 03:45:42.463,1.57471,1.57503,1.00,1.00
2014.08.28 03:45:42.641,1.57469,1.57503,1.00,1.50
2014.08.28 03:45:44.656,1.57469,1.575,1.00,1.00
2014.08.28 03:45:53.452,1.57469,1.57503,1.00,1.13
2014.08.28 03:46:00.426,1.5747,1.57504,1.00,1.38
2014.08.28 03:46:01.378,1.5747,1.57504,1.00,1.13
2014.08.28 03:46:01.530,1.5747,1.57504,1.00,1.38
2014.08.28 03:46:05.635,1.57466,1.575,1.00,1.00
2014.08.28 03:46:05.786,1.57466,1.57503,1.00,1.88
2014.08.28 03:46:11.386,1.57466,1.57496,1.00,1.00
2014.08.28 03:46:12.692,1.57466,1.57497,1.00,1.00
2014.08.28 03:46:13.257,1.57465,1.57497,1.00,1.00
2014.08.28 03:46:13.796,1.57465,1.57496,1.00,1.00
2014.08.28 03:46:14.195,1.57461,1.57496,1.00,1.00
2014.08.28 03:46:15.000,1.57461,1.57497,1.00,1.00
2014.08.28 03:46:19.260,1.57459,1.57496,1.00,1.00
2014.08.28 03:46:19.361,1.57458,1.57492,2.25,1.00
2014.08.28 03:46:22.345,1.57458,1.57487,1.00,1.00
2014.08.28 03:46:22.497,1.57455,1.57487,1.00,1.00
2014.08.28 03:46:23.022,1.57455,1.57486,1.00,1.00
2014.08.28 03:46:23.173,1.57453,1.57486,1.00,1.00
2014.08.28 03:46:23.774,1.57453,1.57487,1.00,1.50
2014.08.28 03:46:25.536,1.57453,1.57486,1.00,1.00
2014.08.28 03:46:27.405,1.57453,1.57487,1.00,1.00
2014.08.28 03:47:02.825,1.57452,1.57488,1.00,1.00
2014.08.28 03:47:18.357,1.57452,1.57487,1.00,1.00
2014.08.28 03:47:19.083,1.57449,1.57485,1.50,1.00
2014.08.28 03:47:45.516,1.57448,1.57482,1.00,1.00
2014.08.28 03:47:56.507,1.57445,1.5748,1.00,1.00
2014.08.28 03:47:56.658,1.57453,1.57487,1.00,1.00
2014.08.28 03:47:56.961,1.57456,1.57479,1.00,1.00
2014.08.28 03:47:57.062,1.57445,1.57479,1.00,1.00
2014.08.28 03:48:03.921,1.57445,1.57477,1.00,1.00
2014.08.28 03:48:05.103,1.57445,1.57479,1.00,1.00
2014.08.28 03:48:06.216,1.57445,1.57477,1.00,1.00
2014.08.28 03:48:10.595,1.57443,1.57475,1.00,1.00
2014.08.28 03:48:10.747,1.57441,1.57477,1.00,1.50
2014.08.28 03:48:11.255,1.57441,1.57476,1.00,1.00
2014.08.28 03:48:14.926,1.57441,1.57477,1.00,1.50
2014.08.28 03:48:22.400,1.57444,1.57478,1.00,1.00
2014.08.28 03:48:25.891,1.57444,1.57477,1.00,1.00
2014.08.28 03:48:29.443,1.57444,1.57476,1.00,1.00
2014.08.28 03:48:31.409,1.57444,1.57478,1.00,1.00
2014.08.28 03:48:32.824,1.57452,1.57483,1.00,1.00
2014.08.28 03:48:32.875,1.57452,1.57486,1.00,1.00
2014.08.28 03:48:33.027,1.57455,1.57487,1.00,1.50
2014.08.28 03:48:33.330,1.57452,1.57476,1.00,1.00
2014.08.28 03:48:33.380,1.57443,1.57476,1.00,1.00
2014.08.28 03:48:34.155,1.57445,1.5748,1.00,1.00
2014.08.28 03:48:34.306,1.57443,1.5748,1.50,1.00
2014.08.28 03:48:39.302,1.57455,1.57484,1.00,1.00
2014.08.28 03:48:39.353,1.57455,1.57486,1.00,1.00
2014.08.28 03:48:39.454,1.57457,1.57486,1.00,1.00
2014.08.28 03:48:39.555,1.57454,1.57486,1.00,1.00
2014.08.28 03:48:39.606,1.57453,1.57479,1.13,1.00
2014.08.28 03:48:39.858,1.57441,1.57476,1.13,1.00
2014.08.28 03:48:40.612,1.57444,1.57476,1.00,1.00
2014.08.28 03:48:40.663,1.57444,1.57479,1.50,1.00
2014.08.28 03:48:45.123,1.57453,1.57486,1.00,3.00
2014.08.28 03:48:45.628,1.57453,1.57487,1.50,1.00
2014.08.28 03:48:45.931,1.57458,1.57487,1.00,1.00
2014.08.28 03:48:49.541,1.57458,1.57486,1.00,1.00
2014.08.28 03:49:01.484,1.57455,1.57486,1.00,1.00
2014.08.28 03:49:02.651,1.57455,1.57491,1.00,1.00
2014.08.28 03:49:05.421,1.57457,1.57491,1.00,1.00
2014.08.28 03:49:06.040,1.57457,1.57486,1.00,1.00
2014.08.28 03:49:06.141,1.57455,1.57486,1.00,1.00
2014.08.28 03:49:06.394,1.57453,1.57486,1.00,1.00
2014.08.28 03:49:08.366,1.57451,1.57485,1.00,1.00
2014.08.28 03:49:10.468,1.57445,1.5748,1.00,1.00
2014.08.28 03:49:14.207,1.57443,1.57477,1.00,1.00
2014.08.28 03:49:16.320,1.5744,1.57474,1.00,1.00
2014.08.28 03:49:16.522,1.57438,1.57474,1.00,1.00
2014.08.28 03:49:21.012,1.5744,1.57474,1.00,1.00
2014.08.28 03:49:21.597,1.57441,1.57477,1.00,2.25
2014.08.28 03:49:22.752,1.57443,1.57477,1.00,1.00
2014.08.28 03:49:25.634,1.57441,1.57477,1.00,1.00
2014.08.28 03:49:26.161,1.57442,1.57477,1.00,1.00
2014.08.28 03:49:32.338,1.57444,1.57477,1.00,1.00
2014.08.28 03:49:32.641,1.57446,1.57481,1.00,1.00
2014.08.28 03:49:41.352,1.57449,1.57483,1.00,1.00
2014.08.28 03:49:45.378,1.57446,1.5748,1.50,1.00
2014.08.28 03:49:54.673,1.57444,1.57478,1.00,1.00
2014.08.28 03:50:01.764,1.57444,1.57474,1.00,1.00
2014.08.28 03:50:02.741,1.57444,1.57473,1.00,1.00
2014.08.28 03:50:08.101,1.57444,1.57476,1.00,1.00
2014.08.28 03:50:08.567,1.57444,1.57474,1.00,1.00
2014.08.28 03:50:08.669,1.57445,1.57478,1.00,1.00
2014.08.28 03:50:08.921,1.57448,1.57479,1.00,1.00
2014.08.28 03:50:09.468,1.57448,1.5748,1.00,1.00
2014.08.28 03:50:10.086,1.57449,1.57482,1.00,1.00
2014.08.28 03:50:11.418,1.57449,1.57481,1.00,1.00
2014.08.28 03:50:11.926,1.57448,1.57481,1.00,1.00
2014.08.28 03:50:14.399,1.57448,1.5748,1.00,1.00
2014.08.28 03:50:14.500,1.57448,1.57483,1.50,1.00
2014.08.28 03:50:15.934,1.57448,1.5748,1.00,1.00
2014.08.28 03:50:28.460,1.57448,1.57483,1.13,1.00
2014.08.28 03:50:28.599,1.57453,1.57484,1.00,1.00
2014.08.28 03:50:28.903,1.5746,1.5749,1.00,1.00
2014.08.28 03:50:29.206,1.57458,1.57481,1.00,1.00
2014.08.28 03:50:29.307,1.57451,1.57481,1.00,1.00
2014.08.28 03:50:29.810,1.57451,1.57483,1.00,1.00
2014.08.28 03:50:35.721,1.57451,1.57485,1.13,1.00
2014.08.28 03:50:39.791,1.57451,1.57484,1.00,1.00
2014.08.28 03:50:40.681,1.57451,1.57484,1.38,1.00
2014.08.28 03:50:41.040,1.57455,1.57485,1.00,1.00
2014.08.28 03:50:41.383,1.57457,1.57485,1.00,1.00
2014.08.28 03:50:57.161,1.57457,1.57486,1.00,1.00
2014.08.28 03:51:00.422,1.57458,1.57486,1.00,1.00
2014.08.28 03:51:03.356,1.57456,1.57486,1.00,1.50
2014.08.28 03:51:10.470,1.57453,1.57486,1.38,1.50
2014.08.28 03:51:14.320,1.57453,1.57485,1.38,1.00
2014.08.28 03:51:25.370,1.57453,1.57485,1.00,1.00
2014.08.28 03:51:25.572,1.5745,1.57482,1.00,1.00
2014.08.28 03:51:25.875,1.5745,1.57479,1.00,1.00
2014.08.28 03:51:25.976,1.57446,1.57479,1.00,1.00
2014.08.28 03:51:26.027,1.57446,1.57481,1.00,1.50
2014.08.28 03:51:31.605,1.57446,1.57476,1.00,1.00
2014.08.28 03:51:32.046,1.57446,1.57481,1.00,1.50
2014.08.28 03:51:45.455,1.57446,1.5748,1.00,1.00
2014.08.28 03:51:58.371,1.57446,1.5748,1.38,1.00
2014.08.28 03:51:58.472,1.57448,1.57482,1.13,1.00
2014.08.28 03:51:59.018,1.57453,1.57482,1.00,1.00
2014.08.28 03:52:05.368,1.57453,1.5748,1.00,1.00
2014.08.28 03:52:05.419,1.57448,1.5748,1.00,1.00
2014.08.28 03:52:30.475,1.57449,1.5748,1.00,1.00
2014.08.28 03:52:30.582,1.57449,1.57478,1.00,1.00
2014.08.28 03:52:43.968,1.57449,1.5748,1.00,1.00
2014.08.28 03:52:46.168,1.57449,1.57483,1.00,1.50
2014.08.28 03:52:56.629,1.57449,1.57476,1.00,1.00
2014.08.28 03:52:56.679,1.57445,1.57476,1.00,1.00
2014.08.28 03:52:56.964,1.57445,1.57468,1.00,1.00
2014.08.28 03:52:57.169,1.57445,1.57476,1.00,1.00
2014.08.28 03:52:57.270,1.57448,1.57476,1.00,1.00
2014.08.28 03:52:57.624,1.57448,1.57478,1.00,1.00
2014.08.28 03:52:57.725,1.57448,1.57473,1.00,1.00
2014.08.28 03:52:57.776,1.57445,1.57473,1.00,1.00
2014.08.28 03:52:57.877,1.57442,1.57473,1.00,1.00
2014.08.28 03:52:57.978,1.57442,1.57471,1.00,1.00
2014.08.28 03:52:58.029,1.57437,1.57471,1.00,1.00
2014.08.28 03:52:58.079,1.57437,1.57469,1.00,1.00
2014.08.28 03:52:59.220,1.57436,1.57469,1.00,1.00
2014.08.28 03:52:59.739,1.57435,1.57469,1.00,1.00
2014.08.28 03:53:10.121,1.57438,1.57469,1.00,1.00
2014.08.28 03:53:23.840,1.57441,1.57469,1.00,1.00
2014.08.28 03:53:31.113,1.57443,1.57469,1.00,1.00
2014.08.28 03:53:43.189,1.57443,1.57467,1.00,1.00
2014.08.28 03:53:43.967,1.5744,1.57467,1.00,1.00
2014.08.28 03:53:45.467,1.5744,1.57469,1.00,1.00
2014.08.28 03:53:53.156,1.5744,1.57467,1.00,1.00
2014.08.28 03:53:58.864,1.57438,1.57467,1.00,1.00
2014.08.28 03:54:02.381,1.57436,1.57467,1.13,1.00
2014.08.28 03:54:02.432,1.57436,1.57463,1.13,1.00
2014.08.28 03:54:02.964,1.57436,1.57464,1.00,1.00
2014.08.28 03:54:04.406,1.57434,1.57466,1.00,1.00
2014.08.28 03:54:04.507,1.57434,1.57468,1.38,1.00
2014.08.28 03:54:04.667,1.57436,1.57471,1.00,1.50
2014.08.28 03:54:05.876,1.57435,1.57471,1.00,1.50
2014.08.28 03:54:06.179,1.57438,1.57471,1.00,1.00
2014.08.28 03:54:06.280,1.57436,1.5747,1.00,1.00
2014.08.28 03:54:06.381,1.57438,1.57471,1.00,1.00
2014.08.28 03:54:07.807,1.57436,1.57471,1.00,1.50
2014.08.28 03:54:07.908,1.57438,1.57471,1.00,1.00
2014.08.28 03:54:08.009,1.57435,1.57471,1.00,1.50
2014.08.28 03:54:08.115,1.57435,1.57469,1.00,1.00
2014.08.28 03:54:08.671,1.57436,1.57471,1.00,1.00
2014.08.28 03:54:08.772,1.57434,1.5747,1.00,1.00
2014.08.28 03:54:08.826,1.57434,1.5747,1.38,1.00
2014.08.28 03:54:09.129,1.57439,1.57468,1.00,1.00
2014.08.28 03:54:30.095,1.57441,1.57468,1.00,1.00
2014.08.28 03:54:41.479,1.57441,1.57472,1.00,1.00
2014.08.28 03:55:00.436,1.57442,1.57472,1.00,1.00
2014.08.28 03:55:15.464,1.5744,1.57472,1.00,1.00
2014.08.28 03:55:28.980,1.57441,1.57472,1.00,1.00
2014.08.28 03:55:30.483,1.57442,1.57472,1.00,1.00
2014.08.28 03:55:33.148,1.57442,1.57471,1.00,1.00
2014.08.28 03:55:40.416,1.57443,1.57474,1.00,1.00
2014.08.28 03:55:41.398,1.57443,1.57471,1.00,1.00
2014.08.28 03:55:42.957,1.57443,1.57474,1.00,1.00
2014.08.28 03:55:47.597,1.57443,1.57471,1.00,1.00
2014.08.28 03:55:47.855,1.57441,1.57471,1.00,1.00
2014.08.28 03:55:50.088,1.57444,1.57471,1.00,1.00
2014.08.28 03:55:50.239,1.57449,1.57477,1.00,1.00
2014.08.28 03:55:50.757,1.5745,1.57477,1.00,1.00
2014.08.28 03:55:54.158,1.5745,1.5748,1.13,1.00
2014.08.28 03:55:54.310,1.57449,1.57475,1.00,1.00
2014.08.28 03:55:54.411,1.57449,1.57477,1.00,1.00
2014.08.28 03:55:56.373,1.57449,1.57483,1.00,1.00
2014.08.28 03:55:56.474,1.57451,1.57484,1.00,1.00
2014.08.28 03:55:56.782,1.57454,1.57484,1.00,1.00
2014.08.28 03:55:58.558,1.57454,1.57486,1.00,1.00
2014.08.28 03:56:03.858,1.57461,1.57491,1.00,1.00
2014.08.28 03:56:04.537,1.57461,1.57493,1.00,1.00
2014.08.28 03:56:06.283,1.57462,1.57496,1.00,1.00
2014.08.28 03:56:19.280,1.57468,1.57499,1.00,1.00
2014.08.28 03:56:19.583,1.57472,1.57502,1.00,1.00
2014.08.28 03:56:19.886,1.57474,1.57504,1.00,1.00
2014.08.28 03:56:20.447,1.57475,1.57504,1.00,1.00
2014.08.28 03:56:20.858,1.57475,1.57507,1.00,1.00
2014.08.28 03:56:32.768,1.57477,1.57507,1.00,1.00
2014.08.28 03:56:34.660,1.57479,1.57507,1.00,1.00
2014.08.28 03:56:35.376,1.57479,1.57509,1.00,1.00
2014.08.28 03:56:38.715,1.57479,1.57508,1.00,1.00
2014.08.28 03:56:49.079,1.57477,1.57508,1.00,1.00
2014.08.28 03:56:51.608,1.57478,1.57511,1.00,1.00
2014.08.28 03:56:54.171,1.57476,1.57511,1.00,1.00
2014.08.28 03:56:54.917,1.57477,1.57511,1.00,1.00
2014.08.28 03:56:55.418,1.57476,1.57511,1.00,1.00
2014.08.28 03:56:56.476,1.57478,1.57511,1.00,1.00
2014.08.28 03:56:56.682,1.57476,1.57511,1.00,1.00
2014.08.28 03:56:56.939,1.57476,1.57507,1.00,1.00
2014.08.28 03:56:56.989,1.57474,1.57507,1.00,1.00
2014.08.28 03:56:58.015,1.57474,1.57504,1.00,1.00
2014.08.28 03:57:08.419,1.57475,1.57504,1.00,1.00
2014.08.28 03:57:08.470,1.57475,1.57508,1.00,1.00
2014.08.28 03:57:08.521,1.57483,1.57508,1.00,1.00
2014.08.28 03:57:11.854,1.57483,1.57507,1.00,1.00
2014.08.28 03:57:11.956,1.57474,1.57505,1.00,1.00
2014.08.28 03:57:12.930,1.57474,1.57503,1.00,1.00
2014.08.28 03:57:17.207,1.57473,1.57503,1.00,1.00
2014.08.28 03:57:22.391,1.57469,1.575,1.00,1.00
2014.08.28 03:57:22.442,1.57469,1.57497,1.00,1.00
2014.08.28 03:57:22.971,1.57468,1.57497,1.00,1.00
2014.08.28 03:57:26.809,1.57469,1.57497,1.00,1.00
2014.08.28 03:57:29.457,1.57469,1.57495,1.00,1.00
2014.08.28 03:57:32.826,1.57461,1.57495,1.00,1.00
2014.08.28 03:57:39.910,1.57466,1.575,1.00,1.00
2014.08.28 03:57:49.417,1.57463,1.57498,1.00,1.00
2014.08.28 03:57:51.943,1.57461,1.57495,1.00,1.00
2014.08.28 03:57:54.769,1.57462,1.57495,1.00,1.00
2014.08.28 03:57:55.345,1.57462,1.57499,1.50,1.00
2014.08.28 03:57:55.446,1.57467,1.57499,1.00,1.00
2014.08.28 03:57:56.307,1.57467,1.57501,1.00,1.00
2014.08.28 03:57:56.408,1.57475,1.57505,1.00,1.00
2014.08.28 03:57:56.660,1.57479,1.57514,1.00,1.00
2014.08.28 03:57:56.711,1.57482,1.57517,1.00,1.50
2014.08.28 03:57:57.014,1.57481,1.57515,1.00,1.50
2014.08.28 03:57:58.651,1.57481,1.5751,1.00,1.00
2014.08.28 03:57:58.702,1.57476,1.5751,1.50,1.00
2014.08.28 03:57:58.753,1.5748,1.57515,1.00,1.50
2014.08.28 03:57:58.854,1.57482,1.57515,1.00,1.50
2014.08.28 03:57:59.278,1.5748,1.57515,1.00,1.00
2014.08.28 03:58:03.017,1.57478,1.57512,1.00,1.00
2014.08.28 03:58:04.999,1.57483,1.57512,1.00,1.00
2014.08.28 03:58:05.050,1.57483,1.57515,1.00,1.50
2014.08.28 03:58:05.403,1.57483,1.57519,1.50,1.00
2014.08.28 03:58:05.454,1.57491,1.5752,1.00,1.50
2014.08.28 03:58:05.960,1.57491,1.57524,1.00,1.00
2014.08.28 03:58:06.636,1.57491,1.57525,1.50,1.00
2014.08.28 03:58:06.838,1.57498,1.57525,1.00,1.00
2014.08.28 03:58:11.167,1.57498,1.57528,1.00,1.00
2014.08.28 03:58:19.192,1.57502,1.57528,1.00,1.00
2014.08.28 03:58:20.398,1.57497,1.57528,1.00,1.00
2014.08.28 03:58:21.601,1.57502,1.57528,1.00,1.00
2014.08.28 03:58:21.803,1.57497,1.57528,1.00,1.00
2014.08.28 03:58:30.452,1.57497,1.57529,1.00,1.00
2014.08.28 03:58:34.147,1.57503,1.57529,1.00,1.00
2014.08.28 03:58:38.625,1.57498,1.57529,1.00,1.00
2014.08.28 03:58:40.102,1.57502,1.57529,1.00,1.00
2014.08.28 03:58:40.203,1.57497,1.57529,1.00,1.00
2014.08.28 03:58:40.605,1.57502,1.57529,1.00,1.00
2014.08.28 03:58:43.905,1.57498,1.57529,1.00,1.00
2014.08.28 03:58:44.610,1.57498,1.57526,1.00,1.00
2014.08.28 03:58:45.115,1.57498,1.57525,1.00,1.00
2014.08.28 03:58:50.984,1.57492,1.57525,1.00,1.00
2014.08.28 03:58:51.869,1.57498,1.57525,1.00,1.00
2014.08.28 03:58:52.950,1.57492,1.57525,1.00,1.00
2014.08.28 03:58:53.836,1.57499,1.57525,1.00,1.00
2014.08.28 03:58:55.036,1.57499,1.57526,1.00,1.00
2014.08.28 03:58:55.137,1.57499,1.57531,1.00,1.00
2014.08.28 03:58:55.238,1.57504,1.57531,1.00,1.00
2014.08.28 03:58:55.390,1.57505,1.57536,1.00,1.00
2014.08.28 03:58:55.491,1.57506,1.57538,1.00,1.00
2014.08.28 03:58:55.592,1.57512,1.57538,1.00,1.00
2014.08.28 03:59:07.204,1.57512,1.57539,1.00,1.00
2014.08.28 03:59:13.373,1.57512,1.5754,1.00,1.00
2014.08.28 03:59:14.151,1.57512,1.57543,1.00,1.00
2014.08.28 03:59:26.632,1.57512,1.57544,1.00,1.00
2014.08.28 03:59:27.157,1.57512,1.57545,1.38,1.00
2014.08.28 03:59:27.258,1.57512,1.57545,1.38,1.00
2014.08.28 03:59:28.000,1.57512,1.57545,1.38,1.00
2014.08.28 03:59:28.670,1.57517,1.57545,1.00,1.00
2014.08.28 03:59:30.529,1.57518,1.57545,1.00,1.00
2014.08.28 03:59:30.580,1.57518,1.57547,1.00,1.00
2014.08.28 03:59:30.882,1.57523,1.57547,1.00,1.00
2014.08.28 03:59:30.933,1.57523,1.57551,1.00,1.00
2014.08.28 03:59:30.984,1.57526,1.57557,1.00,1.00
2014.08.28 03:59:31.135,1.57526,1.57559,1.00,1.00
2014.08.28 03:59:31.286,1.57526,1.57556,1.00,1.00
2014.08.28 03:59:31.676,1.57531,1.57556,1.00,1.00
2014.08.28 03:59:32.190,1.5753,1.57556,1.00,1.00
2014.08.28 03:59:33.785,1.5753,1.57562,1.00,1.00
2014.08.28 03:59:33.987,1.5753,1.57556,1.00,1.00
2014.08.28 03:59:34.553,1.5753,1.57559,1.00,1.00
2014.08.28 03:59:34.604,1.57532,1.57559,1.00,1.00
2014.08.28 03:59:35.058,1.57532,1.57562,1.00,1.00
2014.08.28 03:59:35.275,1.57532,1.57564,1.00,1.00
2014.08.28 03:59:36.360,1.57532,1.57566,1.00,1.00
2014.08.28 03:59:36.574,1.57534,1.57566,1.00,1.00
2014.08.28 03:59:37.416,1.57534,1.57567,1.00,1.00
2014.08.28 03:59:37.772,1.5753,1.57565,1.13,1.50
2014.08.28 03:59:37.822,1.57534,1.57565,1.00,1.50
2014.08.28 03:59:38.125,1.5754,1.57565,1.00,1.00
2014.08.28 03:59:38.176,1.5754,1.57569,1.00,1.00
2014.08.28 03:59:38.443,1.57538,1.57569,1.00,1.00
2014.08.28 03:59:38.904,1.57536,1.57569,1.00,1.00
2014.08.28 03:59:40.583,1.57537,1.57569,1.00,1.00
2014.08.28 03:59:41.096,1.57536,1.57569,1.00,1.00
2014.08.28 03:59:54.877,1.57536,1.57566,1.00,1.00
2014.08.28 03:59:57.413,1.57536,1.57567,1.13,1.00
