2014.08.28 22:00:00.196,1.57264,1.57305,0.75,0.68
2014.08.28 22:00:00.297,1.57253,1.57298,0.75,0.68
2014.08.28 22:00:00.398,1.57263,1.57298,0.75,0.68
2014.08.28 22:00:00.951,1.57263,1.57297,0.75,0.75
2014.08.28 22:00:01.478,1.57254,1.57297,0.75,0.75
2014.08.28 22:00:02.691,1.57263,1.57299,0.75,0.75
2014.08.28 22:00:02.742,1.57263,1.57307,0.75,1.50
2014.08.28 22:00:02.792,1.57265,1.57307,0.38,1.50
2014.08.28 22:00:02.943,1.57263,1.57307,0.75,0.75
2014.08.28 22:00:02.994,1.57263,1.57325,0.75,1.50
2014.08.28 22:00:07.637,1.57264,1.57325,0.75,1.50
2014.08.28 22:00:07.939,1.57267,1.57325,0.75,0.75
2014.08.28 22:00:07.990,1.57267,1.57332,1.50,1.50
2014.08.28 22:00:08.040,1.57267,1.57327,1.50,0.75
2014.08.28 22:00:08.361,1.57264,1.57317,1.13,0.75
2014.08.28 22:00:08.880,1.57263,1.57317,0.75,0.75
2014.08.28 22:00:09.190,1.57263,1.57308,0.75,0.75
2014.08.28 22:00:10.076,1.57255,1.57308,0.75,0.75
2014.08.28 22:00:10.227,1.57255,1.57301,0.75,0.75
2014.08.28 22:00:10.789,1.57255,1.573,0.75,0.75
2014.08.28 22:00:10.890,1.57255,1.57312,0.75,1.50
2014.08.28 22:00:10.941,1.5728,1.57312,0.75,0.75
2014.08.28 22:00:11.042,1.5728,1.57318,0.75,0.75
2014.08.28 22:00:11.142,1.5728,1.57325,0.75,0.75
2014.08.28 22:00:13.251,1.57284,1.57325,0.38,0.75
2014.08.28 22:00:13.302,1.57284,1.57339,0.38,0.75
2014.08.28 22:00:13.583,1.57287,1.57339,0.75,0.75
2014.08.28 22:00:13.734,1.57286,1.57346,0.75,0.75
2014.08.28 22:00:14.237,1.57287,1.57346,0.75,0.75
2014.08.28 22:00:17.097,1.57285,1.57346,0.75,0.75
2014.08.28 22:00:18.079,1.57284,1.57346,0.75,0.75
2014.08.28 22:00:21.379,1.57287,1.57346,0.75,0.75
2014.08.28 22:00:22.601,1.57285,1.57346,0.38,0.75
2014.08.28 22:00:23.428,1.57284,1.57346,1.13,0.75
2014.08.28 22:00:24.442,1.57286,1.57346,0.38,0.75
2014.08.28 22:00:25.813,1.57284,1.57346,0.75,0.75
2014.08.28 22:00:33.149,1.57287,1.57346,0.75,0.75
2014.08.28 22:00:33.451,1.57318,1.57363,0.75,0.75
2014.08.28 22:00:35.349,1.57316,1.57363,0.75,0.75
2014.08.28 22:00:36.127,1.57317,1.57363,0.75,0.75
2014.08.28 22:00:37.519,1.57317,1.57358,0.75,0.75
2014.08.28 22:00:38.219,1.57317,1.57356,0.75,0.38
2014.08.28 22:00:38.320,1.57317,1.57358,0.75,1.50
2014.08.28 22:00:44.457,1.57317,1.57357,0.75,0.38
2014.08.28 22:00:44.998,1.57316,1.57357,0.75,0.38
2014.08.28 22:00:46.809,1.57316,1.57356,0.75,0.38
2014.08.28 22:00:47.459,1.57317,1.57355,0.75,0.38
2014.08.28 22:00:47.889,1.57317,1.57348,0.75,0.38
2014.08.28 22:00:49.440,1.57318,1.57358,0.75,1.50
2014.08.28 22:00:49.541,1.57318,1.57365,0.75,1.50
2014.08.28 22:00:50.419,1.57322,1.57365,0.75,1.50
2014.08.28 22:00:53.508,1.57318,1.57365,0.75,1.50
2014.08.28 22:00:54.167,1.57309,1.57365,0.38,1.50
2014.08.28 22:00:54.268,1.57303,1.57357,0.75,0.75
2014.08.28 22:00:54.727,1.57303,1.57349,0.75,1.50
2014.08.28 22:00:57.039,1.57293,1.57349,0.75,1.50
2014.08.28 22:00:57.788,1.57293,1.57344,0.75,0.38
2014.08.28 22:00:58.125,1.57293,1.57338,0.75,0.75
2014.08.28 22:00:58.929,1.57294,1.5733,0.75,0.75
2014.08.28 22:00:59.231,1.57304,1.57328,0.75,0.75
2014.08.28 22:01:00.892,1.57303,1.57328,0.75,0.75
2014.08.28 22:01:01.629,1.57304,1.57328,0.75,0.75
2014.08.28 22:01:04.824,1.57303,1.57328,0.75,0.75
2014.08.28 22:01:06.410,1.57277,1.57311,0.38,0.75
2014.08.28 22:01:06.512,1.57274,1.5731,0.75,0.75
2014.08.28 22:01:06.663,1.57274,1.57303,0.75,0.75
2014.08.28 22:01:07.211,1.57274,1.57302,0.75,0.75
2014.08.28 22:01:08.913,1.57271,1.57302,0.75,0.75
2014.08.28 22:01:09.129,1.57271,1.57289,0.75,0.75
2014.08.28 22:01:09.180,1.57261,1.57289,0.75,0.75
2014.08.28 22:01:09.280,1.57236,1.57273,0.75,0.75
2014.08.28 22:01:09.331,1.57233,1.57273,1.50,0.75
2014.08.28 22:01:09.381,1.57233,1.57267,0.75,1.50
2014.08.28 22:01:09.482,1.57217,1.57267,1.50,1.50
2014.08.28 22:01:10.737,1.57221,1.57267,0.38,1.50
2014.08.28 22:01:11.263,1.57217,1.57267,1.50,1.50
2014.08.28 22:01:11.737,1.57222,1.57267,0.38,1.50
2014.08.28 22:01:12.359,1.57217,1.57267,1.50,1.88
2014.08.28 22:01:13.643,1.57217,1.57266,1.50,0.38
2014.08.28 22:01:13.694,1.57213,1.57259,0.38,0.75
2014.08.28 22:01:14.398,1.57216,1.57259,0.38,0.75
2014.08.28 22:01:15.218,1.57217,1.57266,0.75,0.75
2014.08.28 22:01:17.290,1.57223,1.57266,0.38,0.75
2014.08.28 22:01:19.268,1.57223,1.57268,1.13,0.75
2014.08.28 22:01:19.319,1.57223,1.57273,1.13,0.75
2014.08.28 22:01:19.757,1.57232,1.57274,0.75,0.38
2014.08.28 22:01:22.065,1.57232,1.5728,0.75,1.88
2014.08.28 22:01:24.540,1.57232,1.57277,0.75,0.38
2014.08.28 22:01:24.862,1.57237,1.57281,0.75,0.38
2014.08.28 22:01:27.624,1.57237,1.57277,0.75,0.38
2014.08.28 22:01:28.129,1.57237,1.57279,0.75,0.38
2014.08.28 22:01:28.793,1.57237,1.57283,0.75,0.38
2014.08.28 22:01:37.530,1.57237,1.57279,0.75,0.38
2014.08.28 22:01:37.631,1.57237,1.57281,0.75,0.38
2014.08.28 22:01:38.491,1.57237,1.57285,0.75,0.38
2014.08.28 22:01:39.793,1.57237,1.57284,0.75,0.38
2014.08.28 22:01:44.838,1.57236,1.5728,0.75,0.75
2014.08.28 22:01:45.154,1.57231,1.57273,0.75,0.45
2014.08.28 22:01:45.728,1.57231,1.5727,0.75,0.45
2014.08.28 22:01:47.996,1.57231,1.57272,0.75,0.38
2014.08.28 22:01:48.540,1.57231,1.57274,0.75,0.38
2014.08.28 22:01:48.691,1.57231,1.5727,0.75,0.38
2014.08.28 22:01:48.792,1.57231,1.57273,0.75,0.38
2014.08.28 22:01:48.907,1.57231,1.5727,0.75,0.38
2014.08.28 22:01:49.548,1.57231,1.57271,0.75,0.38
2014.08.28 22:01:49.749,1.57231,1.57273,0.75,0.38
2014.08.28 22:01:49.853,1.57231,1.57271,0.75,0.38
2014.08.28 22:01:49.962,1.57231,1.57274,0.75,0.38
2014.08.28 22:01:50.229,1.57231,1.57271,0.75,0.38
2014.08.28 22:01:51.009,1.57231,1.57272,0.75,0.38
2014.08.28 22:01:51.558,1.5724,1.57272,0.75,0.38
2014.08.28 22:01:51.759,1.57239,1.57274,0.75,0.38
2014.08.28 22:01:51.860,1.5724,1.57276,0.75,0.38
2014.08.28 22:01:51.962,1.5724,1.57282,0.75,0.38
2014.08.28 22:01:52.012,1.57245,1.57282,0.75,0.38
2014.08.28 22:01:52.316,1.57243,1.57284,0.75,0.75
2014.08.28 22:01:52.518,1.57236,1.57284,0.75,0.75
2014.08.28 22:01:52.568,1.57246,1.57284,0.75,0.75
2014.08.28 22:01:52.719,1.57246,1.57287,0.75,0.75
2014.08.28 22:01:52.770,1.57246,1.57285,0.75,0.75
2014.08.28 22:01:52.884,1.57248,1.57297,0.75,1.13
2014.08.28 22:01:52.986,1.57253,1.57297,0.75,0.75
2014.08.28 22:01:53.087,1.57255,1.57302,0.75,0.75
2014.08.28 22:01:53.288,1.57255,1.57306,1.50,1.50
2014.08.28 22:01:53.540,1.57255,1.57298,0.75,0.75
2014.08.28 22:01:53.610,1.57248,1.57297,0.75,0.75
2014.08.28 22:01:53.661,1.57252,1.57297,0.75,0.75
2014.08.28 22:01:53.762,1.57254,1.57303,0.75,0.75
2014.08.28 22:02:01.030,1.57264,1.57303,0.75,0.75
2014.08.28 22:02:09.378,1.57264,1.57311,0.75,0.75
2014.08.28 22:02:09.429,1.57266,1.57311,0.75,0.75
2014.08.28 22:02:09.479,1.57267,1.57318,0.75,0.75
2014.08.28 22:02:09.882,1.57267,1.57316,0.75,0.38
2014.08.28 22:02:12.463,1.57269,1.57314,0.38,0.38
2014.08.28 22:02:12.918,1.57267,1.57316,0.75,0.75
2014.08.28 22:02:24.058,1.57267,1.57313,0.75,0.38
2014.08.28 22:02:24.209,1.57259,1.57309,1.13,1.50
2014.08.28 22:02:24.259,1.57258,1.57307,2.25,1.13
2014.08.28 22:02:24.712,1.57258,1.57289,1.50,0.38
2014.08.28 22:02:24.763,1.5725,1.57289,0.75,0.38
2014.08.28 22:02:24.813,1.5725,1.57284,0.75,0.75
2014.08.28 22:02:24.864,1.57235,1.57275,0.75,0.75
2014.08.28 22:02:24.915,1.57229,1.57275,0.75,0.75
2014.08.28 22:02:25.035,1.57226,1.57275,0.75,0.75
2014.08.28 22:02:26.709,1.57235,1.57284,0.75,0.75
2014.08.28 22:02:40.645,1.57266,1.57284,0.75,0.75
2014.08.28 22:02:40.847,1.57254,1.57292,0.75,0.75
2014.08.28 22:02:41.643,1.57243,1.57292,1.50,0.75
2014.08.28 22:02:41.837,1.57253,1.57292,0.75,0.75
2014.08.28 22:02:42.340,1.57254,1.57292,0.75,0.75
2014.08.28 22:02:44.368,1.57249,1.57292,0.75,0.75
2014.08.28 22:02:44.469,1.57244,1.57292,0.75,0.75
2014.08.28 22:02:44.587,1.57241,1.57292,0.75,0.75
2014.08.28 22:02:44.687,1.57234,1.57283,0.75,0.75
2014.08.28 22:02:45.018,1.57226,1.57275,0.75,0.75
2014.08.28 22:02:59.771,1.57225,1.57266,0.75,0.75
2014.08.28 22:02:59.872,1.57218,1.57266,0.75,0.75
2014.08.28 22:03:01.546,1.57224,1.57268,0.75,0.75
2014.08.28 22:03:02.975,1.57224,1.57265,0.75,0.75
2014.08.28 22:03:03.667,1.57224,1.57269,1.50,0.75
2014.08.28 22:03:07.278,1.57224,1.57268,1.50,0.75
2014.08.28 22:03:15.181,1.57224,1.57265,0.75,0.75
2014.08.28 22:03:15.656,1.57224,1.57268,0.75,0.75
2014.08.28 22:03:16.611,1.57224,1.57265,0.75,0.75
2014.08.28 22:03:19.391,1.57224,1.57268,0.75,0.75
2014.08.28 22:03:23.136,1.57224,1.57275,1.50,1.50
2014.08.28 22:03:23.466,1.57224,1.57269,1.50,0.75
2014.08.28 22:03:23.676,1.57224,1.57275,2.25,1.50
2014.08.28 22:03:23.877,1.57224,1.57269,1.50,0.75
2014.08.28 22:03:24.230,1.57224,1.57266,1.50,0.75
2014.08.28 22:03:25.426,1.57224,1.57275,2.25,1.50
2014.08.28 22:03:25.873,1.57243,1.57275,0.75,1.50
2014.08.28 22:03:26.024,1.57243,1.57283,0.75,0.75
2014.08.28 22:03:26.125,1.57242,1.57291,0.75,0.75
2014.08.28 22:03:26.226,1.57252,1.57291,0.75,0.75
2014.08.28 22:03:26.276,1.57253,1.57295,0.75,0.38
2014.08.28 22:03:26.377,1.57246,1.57295,0.75,0.75
2014.08.28 22:03:26.427,1.57246,1.5729,0.75,0.75
2014.08.28 22:03:26.478,1.57239,1.57289,0.75,0.75
2014.08.28 22:03:26.861,1.57243,1.57289,0.75,0.75
2014.08.28 22:03:27.029,1.57248,1.57297,0.75,0.75
2014.08.28 22:03:27.180,1.57253,1.57296,0.75,0.75
2014.08.28 22:03:27.331,1.57243,1.57294,1.50,1.50
2014.08.28 22:03:27.381,1.57243,1.57287,1.50,0.75
2014.08.28 22:04:26.275,1.57243,1.57286,1.00,1.00
2014.08.28 22:04:26.326,1.57234,1.57285,1.00,1.00
2014.08.28 22:04:37.225,1.57234,1.57285,1.00,1.38
2014.08.28 22:04:39.884,1.57234,1.57267,1.00,1.00
2014.08.28 22:04:39.985,1.57228,1.57276,1.50,1.38
2014.08.28 22:04:40.086,1.57228,1.5727,1.00,1.00
2014.08.28 22:04:40.136,1.5722,1.57267,1.00,1.00
2014.08.28 22:04:40.306,1.5722,1.57257,1.00,1.00
2014.08.28 22:04:40.559,1.57213,1.57256,1.50,1.00
2014.08.28 22:04:40.660,1.57213,1.57264,1.50,1.50
2014.08.28 22:04:40.760,1.57221,1.57269,1.00,1.38
2014.08.28 22:04:40.861,1.57221,1.57269,1.00,1.13
2014.08.28 22:04:44.595,1.57221,1.57266,1.00,1.00
2014.08.28 22:04:44.815,1.57221,1.57269,1.00,1.00
2014.08.28 22:04:44.878,1.57221,1.57269,1.00,1.38
2014.08.28 22:04:45.527,1.57221,1.57266,1.00,1.00
2014.08.28 22:04:45.839,1.57221,1.57266,1.00,1.38
2014.08.28 22:04:46.091,1.57221,1.57269,1.00,1.50
2014.08.28 22:04:46.142,1.57214,1.57263,1.50,1.00
2014.08.28 22:04:46.243,1.57221,1.57268,1.00,1.13
2014.08.28 22:04:48.554,1.57221,1.57266,1.00,1.00
2014.08.28 22:04:49.874,1.57221,1.57268,1.00,1.00
2014.08.28 22:04:53.834,1.57221,1.57267,1.00,1.00
2014.08.28 22:04:54.564,1.57221,1.57268,1.00,1.00
2014.08.28 22:04:56.709,1.57221,1.57269,1.00,1.00
2014.08.28 22:05:06.333,1.57223,1.57271,1.00,1.00
2014.08.28 22:05:06.897,1.57223,1.57272,1.50,1.00
2014.08.28 22:05:10.428,1.57223,1.57272,1.50,1.38
2014.08.28 22:05:10.895,1.57223,1.57268,1.50,1.00
2014.08.28 22:05:14.236,1.57223,1.57272,1.50,1.38
2014.08.28 22:05:14.294,1.57223,1.57272,1.50,1.00
2014.08.28 22:05:14.445,1.57223,1.57272,1.50,1.75
2014.08.28 22:05:14.514,1.57223,1.57272,1.50,1.00
2014.08.28 22:05:14.665,1.57223,1.57266,1.50,1.50
2014.08.28 22:05:14.715,1.57217,1.57265,1.00,1.00
2014.08.28 22:05:14.766,1.57214,1.57265,1.00,1.00
2014.08.28 22:05:21.150,1.57222,1.57267,1.00,1.00
2014.08.28 22:05:21.703,1.57222,1.57266,1.00,1.00
2014.08.28 22:05:22.671,1.57222,1.57256,1.00,1.00
2014.08.28 22:05:23.665,1.57214,1.57256,1.50,1.00
2014.08.28 22:05:29.031,1.57222,1.57256,1.00,1.00
2014.08.28 22:05:29.608,1.57222,1.57257,1.00,1.00
2014.08.28 22:05:30.603,1.57222,1.57266,1.00,1.00
2014.08.28 22:05:35.305,1.57222,1.57271,1.00,1.00
2014.08.28 22:05:35.456,1.57222,1.57269,1.00,1.00
2014.08.28 22:05:35.759,1.57228,1.57274,1.50,1.38
2014.08.28 22:05:35.810,1.57228,1.57274,1.50,1.00
2014.08.28 22:05:35.861,1.57228,1.57266,1.50,1.00
2014.08.28 22:05:36.278,1.57222,1.57266,1.00,1.00
2014.08.28 22:05:36.795,1.57222,1.57267,1.00,1.00
2014.08.28 22:05:52.134,1.57222,1.57266,1.00,1.00
2014.08.28 22:05:52.336,1.57219,1.57264,1.00,1.00
2014.08.28 22:05:52.438,1.57221,1.57268,1.00,1.00
2014.08.28 22:05:52.589,1.57221,1.57266,1.00,1.00
2014.08.28 22:05:52.791,1.57216,1.57264,1.00,1.00
2014.08.28 22:05:52.959,1.57222,1.57266,1.00,1.00
2014.08.28 22:05:53.010,1.57222,1.57269,1.50,1.00
2014.08.28 22:05:54.489,1.57222,1.57272,1.50,1.38
2014.08.28 22:05:55.492,1.57222,1.57272,1.50,1.00
2014.08.28 22:05:57.555,1.57222,1.57267,1.50,1.00
2014.08.28 22:05:57.814,1.57215,1.57263,1.00,1.00
2014.08.28 22:05:59.243,1.5722,1.57263,1.00,1.00
2014.08.28 22:05:59.344,1.57222,1.5727,1.00,1.00
2014.08.28 22:06:01.966,1.57222,1.57271,1.00,1.50
2014.08.28 22:06:06.669,1.57222,1.57271,1.00,1.38
2014.08.28 22:06:07.110,1.57222,1.57271,1.00,1.38
2014.08.28 22:06:07.262,1.57222,1.57271,1.00,1.00
2014.08.28 22:06:09.324,1.57222,1.57266,1.00,1.00
2014.08.28 22:06:10.855,1.57222,1.57271,1.00,1.00
2014.08.28 22:06:12.418,1.57222,1.57266,1.00,1.00
2014.08.28 22:06:12.620,1.57222,1.57271,1.00,1.38
2014.08.28 22:06:13.212,1.57222,1.57271,1.00,1.38
2014.08.28 22:06:17.367,1.57222,1.57271,1.00,1.38
2014.08.28 22:06:18.055,1.57222,1.5727,1.00,1.38
2014.08.28 22:06:19.305,1.5722,1.57269,1.00,1.38
2014.08.28 22:06:24.126,1.5722,1.57269,1.00,1.00
2014.08.28 22:06:25.384,1.5722,1.57266,1.00,1.00
2014.08.28 22:06:26.260,1.5722,1.57267,1.00,1.00
2014.08.28 22:06:26.823,1.5722,1.57269,1.00,1.38
2014.08.28 22:06:28.424,1.5722,1.57269,1.00,1.00
2014.08.28 22:06:30.656,1.5722,1.57267,1.00,1.00
2014.08.28 22:06:33.054,1.5722,1.57269,1.00,1.00
2014.08.28 22:06:39.310,1.5722,1.57268,1.00,1.00
2014.08.28 22:06:43.748,1.57226,1.57272,1.00,1.13
2014.08.28 22:06:46.923,1.57226,1.57275,1.00,1.38
2014.08.28 22:06:48.343,1.57226,1.57267,1.00,1.00
2014.08.28 22:06:51.182,1.57219,1.57267,1.00,1.00
2014.08.28 22:06:57.364,1.57219,1.57266,1.00,1.00
2014.08.28 22:06:57.893,1.57219,1.57267,1.00,1.00
2014.08.28 22:06:59.473,1.57219,1.57268,1.00,1.00
2014.08.28 22:07:00.032,1.57219,1.57267,1.00,1.00
2014.08.28 22:07:00.925,1.57225,1.57267,1.00,1.00
2014.08.28 22:07:01.177,1.57219,1.57266,1.00,1.00
2014.08.28 22:07:06.245,1.57225,1.57266,1.00,1.00
2014.08.28 22:07:09.463,1.57225,1.57275,1.50,1.00
2014.08.28 22:07:09.514,1.57225,1.57272,1.50,1.00
2014.08.28 22:07:09.715,1.57225,1.57276,1.50,1.50
2014.08.28 22:07:09.917,1.57234,1.57283,1.00,1.00
2014.08.28 22:07:10.219,1.57234,1.57272,1.00,1.00
2014.08.28 22:07:10.370,1.57234,1.57284,1.00,1.00
2014.08.28 22:07:10.471,1.57241,1.57287,1.00,1.00
2014.08.28 22:07:11.259,1.57241,1.57286,1.00,1.00
2014.08.28 22:07:11.799,1.57241,1.57287,1.00,1.00
2014.08.28 22:07:12.136,1.57241,1.57276,1.00,1.00
2014.08.28 22:07:12.451,1.57231,1.57277,1.00,1.00
2014.08.28 22:07:12.689,1.57231,1.57279,1.00,1.00
2014.08.28 22:07:12.892,1.57231,1.57276,1.00,1.00
2014.08.28 22:07:14.330,1.57231,1.57279,1.00,1.00
2014.08.28 22:07:14.582,1.57236,1.57279,1.00,1.00
2014.08.28 22:07:14.633,1.57237,1.57286,1.00,1.50
2014.08.28 22:07:14.683,1.57237,1.57277,1.00,1.00
2014.08.28 22:07:14.885,1.57237,1.57286,1.00,1.00
2014.08.28 22:07:14.935,1.5723,1.57279,1.00,1.00
2014.08.28 22:07:15.238,1.57237,1.57276,1.00,1.00
2014.08.28 22:07:15.490,1.57229,1.57276,1.00,1.00
2014.08.28 22:07:15.644,1.57229,1.57278,1.00,1.00
2014.08.28 22:07:15.694,1.57237,1.57279,1.00,1.00
2014.08.28 22:07:15.771,1.57237,1.57286,1.00,1.50
2014.08.28 22:07:15.872,1.57237,1.57277,1.00,1.00
2014.08.28 22:07:16.074,1.57237,1.57286,1.00,1.50
2014.08.28 22:07:16.332,1.57237,1.57276,1.00,1.00
2014.08.28 22:07:16.686,1.57231,1.57276,1.00,1.00
2014.08.28 22:07:17.093,1.57231,1.57279,1.00,1.00
2014.08.28 22:07:17.252,1.57237,1.5728,1.00,1.00
2014.08.28 22:07:17.303,1.57237,1.57286,1.00,1.00
2014.08.28 22:07:17.648,1.57237,1.57276,1.00,1.00
2014.08.28 22:07:18.372,1.57237,1.57277,1.00,1.00
2014.08.28 22:07:19.166,1.57237,1.57286,1.00,1.00
2014.08.28 22:07:25.083,1.57237,1.57276,1.00,1.00
2014.08.28 22:07:26.332,1.57237,1.57277,1.00,1.00
2014.08.28 22:07:27.330,1.57237,1.57276,1.00,1.00
2014.08.28 22:07:27.716,1.57229,1.57276,1.50,1.00
2014.08.28 22:07:47.723,1.57227,1.57276,1.50,1.00
2014.08.28 22:07:49.105,1.57227,1.57277,1.50,2.25
2014.08.28 22:07:49.306,1.57233,1.57277,1.00,1.50
2014.08.28 22:07:49.407,1.57233,1.57284,1.50,1.50
2014.08.28 22:07:49.458,1.57233,1.57275,1.00,1.00
2014.08.28 22:07:49.508,1.57224,1.57275,1.50,1.50
2014.08.28 22:07:59.277,1.57231,1.57275,1.00,1.00
2014.08.28 22:07:59.328,1.57231,1.57277,1.00,1.00
2014.08.28 22:08:00.088,1.57231,1.57275,1.00,1.00
2014.08.28 22:08:00.139,1.57225,1.57273,1.00,1.00
2014.08.28 22:08:08.674,1.57225,1.57267,1.00,1.00
2014.08.28 22:08:09.653,1.57225,1.57273,1.00,1.00
2014.08.28 22:08:20.585,1.57225,1.57276,1.50,1.50
2014.08.28 22:08:25.951,1.57233,1.57283,1.50,1.50
2014.08.28 22:08:26.338,1.57233,1.57277,1.50,1.00
2014.08.28 22:08:27.142,1.57233,1.57276,1.50,1.00
2014.08.28 22:08:27.293,1.57227,1.57275,1.00,1.00
2014.08.28 22:08:29.203,1.5722,1.57269,1.00,1.00
2014.08.28 22:08:49.287,1.57222,1.57269,1.00,1.00
2014.08.28 22:08:49.388,1.57223,1.57272,1.00,1.00
2014.08.28 22:09:11.016,1.57222,1.57265,1.00,1.00
2014.08.28 22:09:11.066,1.57217,1.57265,1.00,1.00
2014.08.28 22:09:31.286,1.57219,1.57266,1.00,1.00
2014.08.28 22:09:31.879,1.57219,1.57267,1.00,1.00
2014.08.28 22:09:51.301,1.57223,1.57269,1.00,1.00
2014.08.28 22:09:51.405,1.57223,1.57272,1.00,1.00
2014.08.28 22:10:11.540,1.57223,1.57271,1.00,1.00
2014.08.28 22:10:40.263,1.57216,1.57265,1.00,1.00
2014.08.28 22:10:40.364,1.57224,1.57272,1.00,1.00
2014.08.28 22:10:40.567,1.57217,1.57266,1.00,1.00
2014.08.28 22:10:40.922,1.57224,1.57272,1.00,1.00
2014.08.28 22:11:01.325,1.57218,1.57267,1.00,1.00
2014.08.28 22:11:41.723,1.57219,1.57268,1.00,1.00
2014.08.28 22:12:01.663,1.57219,1.57267,1.00,1.00
2014.08.28 22:12:02.487,1.57218,1.57266,1.00,1.00
2014.08.28 22:12:21.744,1.57218,1.57268,1.50,1.50
2014.08.28 22:12:41.676,1.57221,1.57268,1.00,1.00
2014.08.28 22:12:41.828,1.57223,1.57272,1.00,1.38
2014.08.28 22:12:42.431,1.57223,1.57272,1.00,1.13
2014.08.28 22:13:12.897,1.57223,1.57266,1.00,1.00
2014.08.28 22:13:12.998,1.57217,1.57265,1.00,1.00
2014.08.28 22:13:22.410,1.57218,1.57265,1.00,1.00
2014.08.28 22:13:22.511,1.57226,1.57265,1.00,1.00
2014.08.28 22:13:22.562,1.57226,1.57277,1.50,1.50
2014.08.28 22:13:43.361,1.57228,1.57277,1.00,1.50
2014.08.28 22:14:00.382,1.57219,1.5727,1.50,1.50
2014.08.28 22:14:20.297,1.57222,1.5727,1.00,1.00
2014.08.28 22:14:20.377,1.57222,1.57272,1.00,1.00
2014.08.28 22:14:40.373,1.57222,1.57273,1.00,1.50
2014.08.28 22:15:01.196,1.57223,1.57271,1.00,1.00
2014.08.28 22:15:02.846,1.57223,1.57266,1.00,1.00
2014.08.28 22:15:07.318,1.57223,1.57271,1.00,1.00
2014.08.28 22:15:08.638,1.57223,1.57267,1.00,1.00
2014.08.28 22:15:21.211,1.57222,1.57267,1.00,1.00
2014.08.28 22:15:24.481,1.57222,1.57265,1.00,1.00
2014.08.28 22:15:24.581,1.57214,1.57265,1.88,1.50
2014.08.28 22:15:31.904,1.57214,1.57265,1.88,1.50
2014.08.28 22:15:33.870,1.57214,1.57265,1.88,1.50
2014.08.28 22:15:34.378,1.57214,1.57265,1.88,1.50
2014.08.28 22:15:34.647,1.57214,1.57265,1.50,1.50
2014.08.28 22:15:34.950,1.57214,1.57256,1.50,1.00
2014.08.28 22:15:40.646,1.57214,1.57265,1.50,1.50
2014.08.28 22:15:41.016,1.57214,1.57259,1.00,1.00
2014.08.28 22:15:41.104,1.57209,1.57257,1.00,1.00
2014.08.28 22:16:01.362,1.5721,1.57259,1.00,1.50
2014.08.28 22:16:21.367,1.57213,1.57261,1.00,1.00
2014.08.28 22:16:21.417,1.57213,1.57263,1.50,1.50
2014.08.28 22:16:31.615,1.57213,1.57256,1.50,1.00
2014.08.28 22:16:31.716,1.57205,1.57253,1.38,1.00
2014.08.28 22:16:32.533,1.57205,1.57253,1.38,1.00
2014.08.28 22:16:34.499,1.57212,1.5726,1.00,1.38
2014.08.28 22:16:34.675,1.57212,1.5726,1.00,1.00
2014.08.28 22:16:47.125,1.57213,1.5726,1.00,1.00
2014.08.28 22:16:47.176,1.57219,1.5726,1.00,1.00
2014.08.28 22:16:47.227,1.57221,1.57269,1.00,1.00
2014.08.28 22:16:47.895,1.57221,1.57267,1.00,1.00
2014.08.28 22:16:49.834,1.57221,1.57269,1.00,1.00
2014.08.28 22:16:49.936,1.57221,1.57267,1.00,1.00
2014.08.28 22:16:50.088,1.57221,1.57269,1.00,1.00
2014.08.28 22:16:51.814,1.57221,1.57267,1.00,1.00
2014.08.28 22:16:54.606,1.57221,1.57266,1.00,1.00
2014.08.28 22:16:55.155,1.57221,1.57269,1.00,1.00
2014.08.28 22:16:56.875,1.57221,1.57267,1.00,1.00
2014.08.28 22:17:07.436,1.5722,1.57267,1.50,1.00
2014.08.28 22:17:08.095,1.5722,1.57271,1.50,1.50
2014.08.28 22:17:11.873,1.5722,1.57266,1.50,1.00
2014.08.28 22:17:12.865,1.5722,1.57271,1.50,1.50
2014.08.28 22:17:29.724,1.57227,1.57271,1.00,1.00
2014.08.28 22:17:29.826,1.57227,1.57277,1.50,1.50
2014.08.28 22:17:30.286,1.57232,1.57277,1.00,1.00
2014.08.28 22:17:30.387,1.57233,1.57284,1.00,1.00
2014.08.28 22:17:50.354,1.57236,1.57285,1.00,1.50
2014.08.28 22:18:31.837,1.57236,1.57279,1.00,1.00
2014.08.28 22:18:32.139,1.57218,1.57261,1.00,1.00
2014.08.28 22:18:52.134,1.5722,1.57261,1.00,1.00
2014.08.28 22:19:12.155,1.57218,1.57261,1.00,1.00
2014.08.28 22:19:26.945,1.57218,1.57257,1.00,1.00
2014.08.28 22:19:32.278,1.57217,1.57257,1.00,1.00
2014.08.28 22:19:32.936,1.57216,1.57257,1.00,1.00
2014.08.28 22:19:38.671,1.57216,1.57255,1.00,1.00
2014.08.28 22:19:52.703,1.57214,1.57255,1.00,1.00
2014.08.28 22:19:52.754,1.57212,1.57255,1.00,1.00
2014.08.28 22:20:01.268,1.57212,1.57254,1.00,1.00
2014.08.28 22:20:16.210,1.57212,1.57253,1.00,1.00
2014.08.28 22:20:40.602,1.57212,1.57261,1.00,1.00
2014.08.28 22:20:40.653,1.57243,1.57261,1.00,1.00
2014.08.28 22:20:40.705,1.57243,1.57263,1.00,1.00
2014.08.28 22:20:40.806,1.57243,1.57272,1.00,1.00
2014.08.28 22:20:40.857,1.57236,1.57272,1.50,1.00
2014.08.28 22:20:40.958,1.57236,1.57287,1.50,2.25
2014.08.28 22:20:41.592,1.57236,1.57287,1.50,1.88
2014.08.28 22:20:41.694,1.57236,1.57287,1.50,1.50
2014.08.28 22:20:43.438,1.57236,1.57287,1.50,1.88
2014.08.28 22:20:43.539,1.57236,1.57287,1.50,1.88
2014.08.28 22:20:48.581,1.57236,1.57287,1.50,1.88
2014.08.28 22:20:49.874,1.57264,1.57287,1.00,1.38
2014.08.28 22:20:49.925,1.57264,1.57293,1.00,1.00
2014.08.28 22:20:50.227,1.57264,1.57298,1.00,1.00
2014.08.28 22:20:50.429,1.57264,1.57304,1.00,1.50
2014.08.28 22:20:50.530,1.57264,1.57299,1.00,1.00
2014.08.28 22:20:50.631,1.57264,1.57304,1.00,1.50
2014.08.28 22:20:50.841,1.57273,1.57304,1.00,1.50
2014.08.28 22:20:53.811,1.57264,1.57304,1.00,1.50
2014.08.28 22:20:54.800,1.57264,1.57304,1.00,2.25
2014.08.28 22:21:00.302,1.57254,1.57304,1.50,2.25
2014.08.28 22:21:00.453,1.57254,1.57304,1.50,1.50
2014.08.28 22:21:00.655,1.57254,1.57304,1.50,3.00
2014.08.28 22:21:00.756,1.57254,1.57304,1.50,2.25
2014.08.28 22:21:00.907,1.57254,1.57304,1.50,2.63
2014.08.28 22:21:01.222,1.57254,1.57296,1.50,1.00
2014.08.28 22:21:01.324,1.57254,1.57304,1.50,1.50
2014.08.28 22:21:03.844,1.57273,1.57304,1.00,1.50
2014.08.28 22:21:03.945,1.57273,1.57308,1.38,1.00
2014.08.28 22:21:04.046,1.57276,1.57309,1.13,1.00
2014.08.28 22:21:04.097,1.57276,1.57315,1.13,1.00
2014.08.28 22:21:04.147,1.57278,1.57315,1.00,1.00
2014.08.28 22:21:04.198,1.57278,1.57322,1.00,1.38
2014.08.28 22:21:04.299,1.57278,1.57326,1.00,1.38
2014.08.28 22:21:04.400,1.57276,1.57326,1.00,1.88
2014.08.28 22:21:04.451,1.57276,1.57317,1.00,1.00
2014.08.28 22:21:04.603,1.57274,1.57317,1.00,1.00
2014.08.28 22:21:05.581,1.57274,1.57317,1.00,1.75
2014.08.28 22:21:11.193,1.57274,1.57313,1.00,1.50
2014.08.28 22:21:11.698,1.57274,1.57312,1.00,1.00
2014.08.28 22:21:12.450,1.57274,1.57313,1.00,1.00
2014.08.28 22:21:13.612,1.57272,1.57313,1.00,1.00
2014.08.28 22:21:14.738,1.57272,1.57312,1.00,1.00
2014.08.28 22:21:15.361,1.57269,1.57312,1.50,1.13
2014.08.28 22:21:15.463,1.57263,1.57312,1.00,1.13
2014.08.28 22:21:15.614,1.57263,1.57306,1.00,1.00
2014.08.28 22:21:18.013,1.57263,1.57312,1.00,1.00
2014.08.28 22:21:19.791,1.57263,1.57306,1.00,1.00
2014.08.28 22:21:21.620,1.57283,1.57306,1.00,1.00
2014.08.28 22:21:21.670,1.57283,1.57317,1.50,1.00
2014.08.28 22:21:21.721,1.57283,1.5732,1.00,1.50
2014.08.28 22:21:21.873,1.57283,1.57317,2.25,1.00
2014.08.28 22:21:22.024,1.57277,1.57317,1.00,1.00
2014.08.28 22:21:22.075,1.57269,1.57317,1.00,1.50
2014.08.28 22:21:22.176,1.57267,1.57317,1.00,2.25
2014.08.28 22:21:22.694,1.57267,1.57316,1.00,1.00
2014.08.28 22:21:24.280,1.57267,1.57317,1.00,1.50
2014.08.28 22:21:24.615,1.57266,1.57311,1.00,1.00
2014.08.28 22:21:24.665,1.5726,1.57311,1.00,1.00
2014.08.28 22:21:44.757,1.57261,1.57311,1.00,1.50
2014.08.28 22:21:45.471,1.57262,1.5731,1.00,1.00
2014.08.28 22:21:47.386,1.57262,1.57307,1.00,1.00
2014.08.28 22:21:56.840,1.57262,1.57306,1.00,1.00
2014.08.28 22:21:57.357,1.57262,1.57307,1.00,1.50
2014.08.28 22:22:04.860,1.57262,1.57306,1.00,1.00
2014.08.28 22:22:04.961,1.57259,1.57306,1.00,1.88
2014.08.28 22:22:05.113,1.57259,1.57302,1.00,1.00
2014.08.28 22:22:05.163,1.57253,1.57301,1.00,1.50
2014.08.28 22:22:11.140,1.5725,1.57301,1.50,2.25
2014.08.28 22:22:13.578,1.57254,1.57301,1.00,2.25
2014.08.28 22:22:16.100,1.57254,1.573,1.00,1.00
2014.08.28 22:22:19.077,1.5725,1.573,1.50,1.00
2014.08.28 22:22:28.104,1.57253,1.573,1.00,1.00
2014.08.28 22:22:29.621,1.5725,1.573,1.50,1.00
2014.08.28 22:22:31.161,1.57253,1.573,1.00,1.00
2014.08.28 22:22:40.650,1.5725,1.573,1.50,1.00
2014.08.28 22:22:44.479,1.5725,1.57301,1.50,3.00
2014.08.28 22:22:44.611,1.5725,1.57299,1.50,1.00
2014.08.28 22:22:45.485,1.57249,1.57298,1.00,1.00
2014.08.28 22:23:05.579,1.57248,1.57297,1.00,1.00
2014.08.28 22:23:15.613,1.57248,1.57297,1.00,1.38
2014.08.28 22:23:16.681,1.57248,1.57297,1.00,1.00
2014.08.28 22:23:17.188,1.57248,1.57297,1.00,1.38
2014.08.28 22:23:20.176,1.57248,1.57297,1.00,1.00
2014.08.28 22:23:26.422,1.57247,1.57296,1.00,1.00
2014.08.28 22:23:43.109,1.57247,1.5729,1.00,1.00
2014.08.28 22:23:43.160,1.57244,1.57289,1.50,1.38
2014.08.28 22:23:44.039,1.57244,1.57289,1.00,1.75
2014.08.28 22:24:00.617,1.57243,1.57282,1.00,1.13
2014.08.28 22:24:01.078,1.57243,1.57282,1.00,1.38
2014.08.28 22:24:01.631,1.57243,1.57282,1.00,1.50
2014.08.28 22:24:01.774,1.57243,1.57282,1.00,1.38
2014.08.28 22:24:02.278,1.57243,1.57282,1.00,1.13
2014.08.28 22:24:04.342,1.57243,1.57281,1.00,1.00
2014.08.28 22:24:04.393,1.57243,1.57279,1.00,1.00
2014.08.28 22:24:17.967,1.57244,1.57279,1.00,1.00
2014.08.28 22:24:18.648,1.57243,1.57279,1.00,1.00
2014.08.28 22:24:45.907,1.57244,1.57279,1.00,1.00
2014.08.28 22:24:46.008,1.57244,1.57281,1.00,1.13
2014.08.28 22:24:56.356,1.57243,1.57281,1.00,1.13
2014.08.28 22:24:56.935,1.57244,1.57281,1.00,1.13
2014.08.28 22:25:13.229,1.57244,1.57283,1.00,1.88
2014.08.28 22:25:22.610,1.57244,1.57283,1.00,1.50
2014.08.28 22:25:22.711,1.57244,1.57289,1.00,1.88
2014.08.28 22:25:24.669,1.57244,1.57289,1.00,1.75
2014.08.28 22:25:29.797,1.57243,1.57289,1.00,1.75
2014.08.28 22:25:34.527,1.57244,1.57289,1.00,1.75
2014.08.28 22:25:35.869,1.57243,1.57289,1.00,1.75
2014.08.28 22:25:49.597,1.57244,1.57288,1.00,2.25
2014.08.28 22:25:55.358,1.57243,1.57288,1.00,2.25
2014.08.28 22:25:55.875,1.57244,1.57288,1.00,2.25
2014.08.28 22:26:05.920,1.57243,1.57288,1.00,2.25
2014.08.28 22:26:06.316,1.57253,1.57288,1.00,2.25
2014.08.28 22:26:13.788,1.57253,1.57288,1.00,2.25
2014.08.28 22:26:14.792,1.57244,1.57288,1.00,2.25
2014.08.28 22:26:14.893,1.57244,1.57288,1.50,1.88
2014.08.28 22:26:14.944,1.57254,1.57288,1.00,1.88
2014.08.28 22:26:15.146,1.57244,1.57288,1.00,2.25
2014.08.28 22:26:17.131,1.57244,1.57288,1.00,2.25
2014.08.28 22:26:17.648,1.57254,1.57287,1.00,1.75
2014.08.28 22:26:17.698,1.57254,1.57287,1.00,1.50
2014.08.28 22:26:17.799,1.57243,1.57288,1.00,2.25
2014.08.28 22:26:17.900,1.57243,1.57288,1.00,2.25
2014.08.28 22:26:18.415,1.57243,1.57288,1.00,2.25
2014.08.28 22:26:21.048,1.57243,1.57288,1.00,3.00
2014.08.28 22:26:23.961,1.57243,1.57288,1.00,1.00
2014.08.28 22:26:24.062,1.57254,1.57288,1.00,1.00
2014.08.28 22:26:24.163,1.57254,1.57292,1.00,1.00
2014.08.28 22:26:24.214,1.57254,1.57296,1.00,1.38
2014.08.28 22:27:03.094,1.57254,1.57296,1.00,1.50
2014.08.28 22:27:39.375,1.57253,1.57292,1.00,1.88
2014.08.28 22:27:52.246,1.57254,1.57293,1.00,1.88
2014.08.28 22:28:06.263,1.57254,1.57293,1.00,1.88
2014.08.28 22:28:17.193,1.57254,1.57295,1.00,1.88
2014.08.28 22:28:35.602,1.57246,1.57291,1.00,1.13
2014.08.28 22:29:05.270,1.57246,1.57293,1.00,1.88
2014.08.28 22:29:27.423,1.57246,1.57295,1.50,1.13
2014.08.28 22:29:29.042,1.57254,1.57295,1.00,1.13
2014.08.28 22:29:31.902,1.57246,1.57295,1.50,1.13
2014.08.28 22:30:00.882,1.57254,1.57297,1.00,1.88
2014.08.28 22:30:03.011,1.57254,1.57297,1.00,2.25
2014.08.28 22:30:03.189,1.57254,1.57297,1.00,1.88
2014.08.28 22:30:04.026,1.57253,1.57297,1.00,2.63
2014.08.28 22:30:07.108,1.57254,1.57297,1.00,1.88
2014.08.28 22:30:08.644,1.57249,1.57297,1.00,1.88
2014.08.28 22:30:19.097,1.57253,1.57297,1.00,1.88
2014.08.28 22:30:52.093,1.57249,1.57297,1.00,1.38
2014.08.28 22:30:58.500,1.57249,1.57295,1.00,1.38
2014.08.28 22:30:58.803,1.57248,1.57295,1.00,1.50
2014.08.28 22:31:09.679,1.57246,1.57294,1.00,1.38
2014.08.28 22:31:09.730,1.57244,1.57294,2.25,1.88
2014.08.28 22:31:39.347,1.57244,1.57294,1.00,1.50
2014.08.28 22:31:39.448,1.57244,1.57292,1.00,1.50
2014.08.28 22:31:39.801,1.57244,1.57292,1.00,1.75
2014.08.28 22:31:40.002,1.57244,1.57292,1.00,1.88
2014.08.28 22:31:46.279,1.57243,1.57287,1.50,1.00
2014.08.28 22:31:52.152,1.57244,1.57287,1.00,1.00
2014.08.28 22:32:00.622,1.57239,1.57287,1.00,1.00
2014.08.28 22:32:01.762,1.57244,1.57287,1.00,1.00
2014.08.28 22:32:02.212,1.57239,1.57287,1.00,1.00
2014.08.28 22:32:06.382,1.57237,1.57288,1.50,1.13
2014.08.28 22:32:26.310,1.57237,1.57285,1.00,1.00
2014.08.28 22:32:43.303,1.57238,1.57285,1.00,1.00
2014.08.28 22:32:46.445,1.57238,1.57287,1.50,1.13
2014.08.28 22:33:00.346,1.57238,1.57279,1.00,1.00
2014.08.28 22:33:19.941,1.57239,1.57279,1.00,1.50
2014.08.28 22:33:20.065,1.57237,1.57279,1.00,1.50
2014.08.28 22:33:20.436,1.57237,1.57281,1.00,1.00
2014.08.28 22:33:27.731,1.57239,1.57281,1.00,1.00
2014.08.28 22:33:28.198,1.57237,1.57281,1.00,1.00
2014.08.28 22:33:28.610,1.57239,1.57281,1.00,1.00
2014.08.28 22:33:28.761,1.57237,1.57281,1.00,1.00
2014.08.28 22:33:30.700,1.57238,1.57281,1.00,1.00
2014.08.28 22:33:38.241,1.57244,1.57281,1.00,1.00
2014.08.28 22:33:38.425,1.57238,1.57281,1.00,1.00
2014.08.28 22:33:40.331,1.57238,1.57283,1.00,1.00
2014.08.28 22:33:40.432,1.57238,1.57285,1.00,1.50
2014.08.28 22:33:40.501,1.57244,1.57285,1.00,1.50
2014.08.28 22:34:07.477,1.57238,1.57285,1.00,1.00
2014.08.28 22:34:14.161,1.57244,1.57285,1.00,1.00
2014.08.28 22:34:21.406,1.57244,1.57286,1.00,1.00
2014.08.28 22:34:32.138,1.57243,1.57286,1.00,1.50
2014.08.28 22:34:41.486,1.57243,1.57285,1.00,1.00
2014.08.28 22:34:42.091,1.57243,1.57284,1.00,1.00
2014.08.28 22:35:01.696,1.57243,1.57283,1.00,1.00
2014.08.28 22:35:02.225,1.57243,1.57282,1.00,1.00
2014.08.28 22:35:05.904,1.57244,1.57282,1.00,1.00
2014.08.28 22:35:21.809,1.57244,1.57278,1.00,1.00
2014.08.28 22:35:36.331,1.57243,1.57278,1.00,1.00
2014.08.28 22:35:36.893,1.57244,1.57278,1.00,1.00
2014.08.28 22:35:41.974,1.57244,1.5728,1.00,1.50
2014.08.28 22:35:51.070,1.57243,1.5728,1.00,1.00
2014.08.28 22:36:02.449,1.57243,1.57281,1.00,1.50
2014.08.28 22:36:22.334,1.57243,1.57278,1.00,1.00
2014.08.28 22:36:42.669,1.57243,1.57276,1.00,1.00
2014.08.28 22:36:42.921,1.57234,1.57268,1.50,1.00
2014.08.28 22:36:43.231,1.57228,1.57268,1.00,1.00
2014.08.28 22:36:43.281,1.5723,1.57268,1.00,1.00
2014.08.28 22:36:43.910,1.57231,1.57268,1.00,1.00
2014.08.28 22:36:51.289,1.5723,1.57268,1.00,1.00
2014.08.28 22:37:00.200,1.57229,1.57268,1.00,1.00
2014.08.28 22:37:00.538,1.57233,1.57268,1.00,1.00
2014.08.28 22:37:01.303,1.57229,1.57268,1.00,1.00
2014.08.28 22:37:02.862,1.57229,1.57269,1.00,1.00
2014.08.28 22:37:02.913,1.57229,1.57272,1.00,1.00
2014.08.28 22:37:23.359,1.57229,1.57271,1.00,1.00
2014.08.28 22:37:43.293,1.57229,1.5727,1.00,1.00
2014.08.28 22:37:53.059,1.57234,1.5727,1.00,1.00
2014.08.28 22:38:03.638,1.57234,1.57272,1.00,1.50
2014.08.28 22:38:24.308,1.57234,1.57269,1.00,1.00
2014.08.28 22:38:35.384,1.57234,1.57269,1.00,1.38
2014.08.28 22:38:35.787,1.57229,1.57269,1.00,1.38
2014.08.28 22:38:37.397,1.57233,1.57269,1.00,1.38
2014.08.28 22:38:40.623,1.57225,1.57269,1.00,1.38
2014.08.28 22:38:41.132,1.57225,1.57269,1.13,1.38
2014.08.28 22:38:44.871,1.57223,1.57266,1.38,1.00
2014.08.28 22:38:54.642,1.57223,1.57266,1.00,1.38
2014.08.28 22:38:55.536,1.57234,1.57266,1.00,1.38
2014.08.28 22:39:01.020,1.57234,1.57266,1.00,1.00
2014.08.28 22:39:05.353,1.57234,1.57263,1.00,1.00
2014.08.28 22:39:14.129,1.57233,1.57263,1.00,1.00
2014.08.28 22:39:17.216,1.57225,1.57263,1.00,1.00
2014.08.28 22:39:17.544,1.57233,1.57263,1.00,1.00
2014.08.28 22:39:26.412,1.57233,1.57267,1.00,1.00
2014.08.28 22:39:35.589,1.57224,1.57267,1.50,1.00
2014.08.28 22:39:36.382,1.57234,1.57267,1.00,1.00
2014.08.28 22:40:05.820,1.57234,1.57272,1.00,1.00
2014.08.28 22:40:08.996,1.57225,1.57272,1.00,1.00
2014.08.28 22:40:24.346,1.57225,1.57272,1.00,1.38
2014.08.28 22:40:24.497,1.57225,1.57272,1.00,1.00
2014.08.28 22:40:24.548,1.5723,1.57272,1.00,1.00
2014.08.28 22:40:25.943,1.5723,1.57269,1.00,1.00
2014.08.28 22:40:43.315,1.5723,1.57275,1.00,1.38
2014.08.28 22:40:43.466,1.5723,1.57276,1.00,2.25
2014.08.28 22:40:43.549,1.5723,1.57276,1.00,1.88
2014.08.28 22:41:04.614,1.57234,1.57277,1.00,1.38
2014.08.28 22:41:04.934,1.57237,1.57284,1.00,1.75
2014.08.28 22:41:05.237,1.57237,1.57284,1.00,1.38
2014.08.28 22:41:05.924,1.57237,1.57284,1.00,1.00
2014.08.28 22:41:06.763,1.57237,1.57284,1.00,1.75
2014.08.28 22:41:14.078,1.57237,1.57283,1.00,1.75
2014.08.28 22:41:14.179,1.57234,1.57279,1.00,1.38
2014.08.28 22:41:14.774,1.57233,1.57279,1.00,1.38
2014.08.28 22:41:15.396,1.57234,1.57279,1.00,1.38
2014.08.28 22:41:15.498,1.57234,1.57279,1.00,1.00
2014.08.28 22:41:15.599,1.57237,1.57283,1.00,1.38
2014.08.28 22:41:15.901,1.57243,1.57286,1.00,1.00
2014.08.28 22:41:16.053,1.57243,1.57288,1.50,1.00
2014.08.28 22:41:16.227,1.57243,1.57293,1.50,2.63
2014.08.28 22:41:16.737,1.57243,1.57293,1.50,1.38
2014.08.28 22:41:17.577,1.57243,1.57293,1.50,1.38
2014.08.28 22:41:18.206,1.57243,1.57293,1.50,1.13
2014.08.28 22:41:18.980,1.57243,1.57293,1.50,1.38
2014.08.28 22:41:19.675,1.57243,1.57293,1.50,1.00
2014.08.28 22:41:19.921,1.57243,1.57293,1.00,1.38
2014.08.28 22:41:20.651,1.57243,1.57293,1.00,1.13
2014.08.28 22:41:21.341,1.57243,1.57293,1.00,1.38
2014.08.28 22:41:21.747,1.57243,1.57293,1.00,1.50
2014.08.28 22:41:24.828,1.57261,1.57294,1.00,2.25
2014.08.28 22:41:25.080,1.57273,1.57301,1.00,1.00
2014.08.28 22:41:25.181,1.57273,1.57306,1.00,1.00
2014.08.28 22:41:25.232,1.57283,1.57306,1.00,1.00
2014.08.28 22:41:25.378,1.57283,1.57315,1.00,1.38
2014.08.28 22:41:25.912,1.57284,1.57319,1.00,2.25
2014.08.28 22:41:27.233,1.57284,1.57319,1.00,2.25
2014.08.28 22:41:29.914,1.57283,1.57319,1.00,2.25
2014.08.28 22:41:34.874,1.57273,1.57317,1.00,1.38
2014.08.28 22:41:34.975,1.57268,1.57317,1.50,2.25
2014.08.28 22:41:35.278,1.5726,1.57303,1.00,1.75
2014.08.28 22:41:35.380,1.57253,1.57298,1.00,1.50
2014.08.28 22:41:35.481,1.57249,1.57298,1.00,1.50
2014.08.28 22:41:40.666,1.57249,1.57298,1.00,2.25
2014.08.28 22:41:40.970,1.57254,1.57298,1.00,1.75
2014.08.28 22:41:47.714,1.57254,1.57298,1.13,1.00
2014.08.28 22:41:49.347,1.57254,1.57298,1.38,1.00
2014.08.28 22:41:51.494,1.57254,1.57298,1.38,1.00
2014.08.28 22:41:53.065,1.57249,1.57298,1.75,1.00
2014.08.28 22:41:53.133,1.57249,1.57298,1.00,1.00
2014.08.28 22:41:54.375,1.57249,1.57298,1.75,1.00
2014.08.28 22:41:55.292,1.57249,1.57298,1.75,1.00
2014.08.28 22:41:55.393,1.57255,1.57302,1.38,1.50
2014.08.28 22:41:55.732,1.57255,1.57302,1.38,2.25
2014.08.28 22:42:13.188,1.57255,1.57302,1.38,2.25
2014.08.28 22:42:16.857,1.57254,1.57302,1.75,1.00
2014.08.28 22:42:16.958,1.57254,1.57302,1.00,1.00
2014.08.28 22:42:18.397,1.57254,1.57302,1.38,1.00
2014.08.28 22:42:18.700,1.57254,1.57302,1.00,1.13
2014.08.28 22:42:28.874,1.57264,1.57303,1.00,1.88
2014.08.28 22:42:29.585,1.57264,1.57303,1.00,1.88
2014.08.28 22:42:34.092,1.57264,1.57303,1.00,1.88
2014.08.28 22:42:35.930,1.57253,1.57301,1.00,1.00
2014.08.28 22:42:36.287,1.57263,1.573,1.00,1.00
2014.08.28 22:42:47.742,1.57263,1.57301,1.00,1.00
2014.08.28 22:42:47.792,1.57263,1.57306,1.00,1.00
2014.08.28 22:42:48.335,1.57264,1.57306,1.00,1.00
2014.08.28 22:43:00.786,1.57258,1.57306,1.00,1.00
2014.08.28 22:43:08.193,1.57258,1.57304,1.00,1.00
2014.08.28 22:43:08.243,1.57254,1.57303,1.00,1.00
2014.08.28 22:43:08.915,1.57254,1.57303,1.38,1.00
2014.08.28 22:43:09.511,1.57254,1.57303,1.38,1.00
2014.08.28 22:43:16.177,1.57254,1.57303,1.38,1.00
2014.08.28 22:43:22.459,1.57254,1.57303,1.75,1.13
2014.08.28 22:43:22.626,1.57254,1.57303,1.38,1.00
2014.08.28 22:43:23.423,1.57253,1.57297,1.88,1.00
2014.08.28 22:43:23.739,1.57251,1.57297,1.75,1.50
2014.08.28 22:43:33.446,1.57253,1.57303,1.50,1.00
2014.08.28 22:43:46.216,1.57253,1.57303,1.38,1.00
2014.08.28 22:43:52.842,1.57253,1.57303,1.38,1.00
2014.08.28 22:43:53.371,1.57252,1.57301,2.63,1.00
2014.08.28 22:44:10.691,1.57252,1.57301,1.00,1.00
2014.08.28 22:44:11.253,1.57252,1.57301,1.38,1.00
2014.08.28 22:44:11.583,1.57252,1.57301,1.38,1.00
2014.08.28 22:44:11.763,1.57252,1.57301,1.38,1.00
2014.08.28 22:44:13.395,1.57255,1.57303,1.38,1.00
2014.08.28 22:44:23.457,1.57261,1.57304,1.75,1.00
2014.08.28 22:44:23.508,1.57261,1.5731,1.75,1.00
2014.08.28 22:44:23.609,1.57273,1.57313,1.38,1.00
2014.08.28 22:44:23.771,1.57273,1.57316,1.38,1.00
2014.08.28 22:44:25.469,1.57273,1.57316,1.00,1.00
2014.08.28 22:44:25.520,1.57264,1.57314,1.50,1.50
2014.08.28 22:44:25.671,1.57264,1.57312,1.50,1.00
2014.08.28 22:44:25.772,1.57257,1.57306,1.00,1.00
2014.08.28 22:44:26.048,1.57256,1.57299,1.00,1.00
2014.08.28 22:44:26.100,1.57249,1.57299,2.25,1.50
2014.08.28 22:44:27.062,1.57253,1.57299,1.00,1.50
2014.08.28 22:44:27.427,1.5726,1.5731,2.25,1.00
2014.08.28 22:44:28.395,1.5726,1.5731,2.25,1.00
2014.08.28 22:44:28.546,1.5726,1.5731,1.88,1.00
2014.08.28 22:44:28.761,1.5726,1.5731,2.25,1.00
2014.08.28 22:44:29.081,1.57266,1.57311,1.38,1.50
2014.08.28 22:44:29.132,1.57268,1.57316,1.88,1.00
2014.08.28 22:44:30.168,1.57286,1.57319,1.00,1.00
2014.08.28 22:44:30.218,1.57286,1.57324,1.50,1.00
2014.08.28 22:44:30.269,1.57286,1.57324,1.50,1.75
2014.08.28 22:44:30.471,1.57286,1.57325,1.50,1.75
2014.08.28 22:44:30.522,1.57293,1.57325,1.00,1.75
2014.08.28 22:44:30.623,1.57293,1.57326,1.00,1.38
2014.08.28 22:44:30.724,1.57293,1.57326,1.00,1.00
2014.08.28 22:44:30.976,1.5729,1.57326,1.38,1.00
2014.08.28 22:44:31.850,1.5729,1.5733,1.38,1.00
2014.08.28 22:44:31.901,1.5729,1.5733,1.00,1.75
2014.08.28 22:44:32.052,1.57283,1.57328,1.00,1.75
2014.08.28 22:44:32.103,1.57283,1.57325,1.00,1.75
2014.08.28 22:44:32.154,1.57267,1.57315,1.00,1.00
2014.08.28 22:44:32.355,1.57266,1.57308,1.00,1.00
2014.08.28 22:44:32.406,1.5726,1.57307,1.00,1.00
2014.08.28 22:44:32.457,1.57258,1.57307,1.00,1.00
2014.08.28 22:44:33.149,1.5726,1.57307,1.00,1.00
2014.08.28 22:44:33.250,1.57258,1.57307,1.00,1.00
2014.08.28 22:44:36.652,1.57258,1.57307,1.75,1.00
2014.08.28 22:44:36.804,1.57258,1.57307,1.00,1.00
2014.08.28 22:44:38.671,1.57248,1.57294,1.00,1.00
2014.08.28 22:44:38.822,1.57245,1.57294,1.50,1.00
2014.08.28 22:44:49.766,1.57251,1.57295,1.00,1.00
2014.08.28 22:44:49.817,1.57251,1.57301,1.50,1.50
2014.08.28 22:44:55.187,1.57245,1.57303,1.00,1.00
2014.08.28 22:44:59.170,1.57226,1.57323,1.75,1.38
2014.08.28 22:45:05.113,1.57226,1.57323,1.75,1.00
2014.08.28 22:45:06.185,1.57226,1.57323,1.75,1.00
2014.08.28 22:45:06.435,1.57226,1.57323,1.75,1.00
2014.08.28 22:45:10.117,1.57226,1.57323,1.75,1.38
2014.08.28 22:45:10.434,1.57226,1.57323,1.75,1.38
2014.08.28 22:45:14.123,1.57226,1.57323,1.75,1.13
2014.08.28 22:45:14.375,1.57243,1.57323,1.38,1.00
2014.08.28 22:45:14.476,1.57243,1.5734,1.50,1.50
2014.08.28 22:45:15.762,1.57243,1.5734,1.00,1.50
2014.08.28 22:45:15.914,1.57249,1.5734,1.75,1.00
2014.08.28 22:45:15.964,1.57251,1.57351,1.75,1.50
2014.08.28 22:45:16.054,1.57321,1.57353,2.50,1.75
2014.08.28 22:45:16.105,1.57321,1.57353,2.50,1.00
2014.08.28 22:45:16.156,1.57335,1.57364,1.00,1.00
2014.08.28 22:45:16.257,1.57353,1.57399,1.50,1.50
2014.08.28 22:45:16.358,1.57353,1.57406,1.50,1.00
2014.08.28 22:45:16.459,1.57353,1.57406,1.00,1.38
2014.08.28 22:45:16.610,1.57303,1.57359,1.00,1.00
2014.08.28 22:45:16.711,1.57335,1.5736,1.15,1.00
2014.08.28 22:45:16.812,1.57335,1.57416,1.15,1.75
2014.08.28 22:45:16.864,1.57392,1.57416,1.00,1.00
2014.08.28 22:45:17.015,1.57355,1.57418,1.00,1.00
2014.08.28 22:45:17.066,1.57354,1.57425,1.00,1.00
2014.08.28 22:45:17.167,1.57348,1.57408,1.00,1.00
2014.08.28 22:45:17.319,1.57324,1.57401,1.00,1.00
2014.08.28 22:45:17.370,1.57317,1.57394,1.00,1.00
2014.08.28 22:45:17.685,1.57317,1.57389,1.00,1.00
2014.08.28 22:45:17.735,1.57317,1.57391,1.00,1.00
2014.08.28 22:45:17.786,1.57317,1.57394,1.00,1.00
2014.08.28 22:45:18.455,1.57318,1.57394,1.00,1.00
2014.08.28 22:45:19.263,1.57318,1.57394,1.00,1.50
2014.08.28 22:45:20.341,1.57318,1.57394,1.00,1.38
2014.08.28 22:45:20.661,1.5734,1.57414,1.00,1.75
2014.08.28 22:45:20.712,1.5734,1.57414,1.00,1.00
2014.08.28 22:45:20.763,1.5734,1.57417,1.00,1.50
2014.08.28 22:45:21.271,1.5734,1.57416,1.00,1.00
2014.08.28 22:45:21.371,1.57349,1.57407,1.00,1.00
2014.08.28 22:45:21.673,1.57349,1.57396,1.00,1.00
2014.08.28 22:45:21.774,1.57343,1.57396,1.00,1.00
2014.08.28 22:45:21.875,1.5734,1.57396,1.00,1.00
2014.08.28 22:45:22.491,1.57335,1.57393,1.00,1.00
2014.08.28 22:45:22.692,1.57341,1.57392,1.00,1.00
2014.08.28 22:45:24.202,1.57341,1.5739,1.50,1.13
2014.08.28 22:45:24.504,1.57329,1.57378,1.00,1.00
2014.08.28 22:45:27.719,1.57327,1.57371,1.00,1.00
2014.08.28 22:45:27.770,1.57323,1.57371,1.00,1.00
2014.08.28 22:45:28.273,1.57321,1.57366,1.00,1.00
2014.08.28 22:45:28.324,1.57316,1.57366,1.00,1.00
2014.08.28 22:45:28.870,1.57315,1.57366,1.00,1.50
2014.08.28 22:45:30.803,1.57307,1.57358,2.25,1.50
2014.08.28 22:45:31.105,1.573,1.57351,1.50,2.25
2014.08.28 22:45:32.316,1.573,1.57342,1.00,1.00
2014.08.28 22:45:32.366,1.57294,1.57342,1.00,1.00
2014.08.28 22:45:32.417,1.57294,1.57334,1.00,1.00
2014.08.28 22:45:32.568,1.57264,1.57309,1.00,1.00
2014.08.28 22:45:32.770,1.57263,1.57304,1.00,1.00
2014.08.28 22:45:33.072,1.57268,1.57305,1.00,1.00
2014.08.28 22:45:33.123,1.57268,1.57317,1.00,1.00
2014.08.28 22:45:36.555,1.57259,1.57308,1.00,1.00
2014.08.28 22:45:36.656,1.57265,1.57316,1.50,1.50
2014.08.28 22:45:37.847,1.57256,1.57306,1.00,1.50
2014.08.28 22:45:38.149,1.57273,1.57313,1.00,1.50
2014.08.28 22:45:38.300,1.57285,1.57333,1.00,1.00
2014.08.28 22:45:38.350,1.57293,1.57333,1.00,1.00
2014.08.28 22:45:38.401,1.57303,1.57351,1.00,1.00
2014.08.28 22:45:38.452,1.5731,1.57351,1.00,1.00
2014.08.28 22:45:38.502,1.5731,1.57353,1.00,1.00
2014.08.28 22:45:38.553,1.5731,1.5736,1.00,1.00
2014.08.28 22:45:38.654,1.57321,1.57363,1.50,1.00
2014.08.28 22:45:38.855,1.57331,1.57381,1.50,2.25
2014.08.28 22:45:38.956,1.57323,1.57371,1.00,1.00
2014.08.28 22:45:39.166,1.57333,1.57382,1.00,1.75
2014.08.28 22:45:39.317,1.57324,1.57373,1.00,1.00
2014.08.28 22:45:39.519,1.5733,1.57381,1.50,1.50
2014.08.28 22:45:39.619,1.57338,1.57386,1.00,1.88
2014.08.28 22:45:40.025,1.57337,1.57375,1.00,1.00
2014.08.28 22:45:40.076,1.57326,1.57375,1.00,1.00
2014.08.28 22:45:40.428,1.57326,1.57375,1.00,1.38
2014.08.28 22:45:41.027,1.57326,1.57375,1.00,1.75
2014.08.28 22:45:41.178,1.57326,1.57375,1.00,1.38
2014.08.28 22:45:42.125,1.57326,1.57375,1.00,1.75
2014.08.28 22:45:42.620,1.57324,1.57362,1.00,1.00
2014.08.28 22:45:42.670,1.57313,1.57362,1.50,1.75
2014.08.28 22:45:42.771,1.57311,1.57348,1.00,1.00
2014.08.28 22:45:42.822,1.57301,1.57348,1.00,1.00
2014.08.28 22:45:43.283,1.57299,1.57342,1.00,1.00
2014.08.28 22:45:43.334,1.57293,1.57342,1.38,1.00
2014.08.28 22:45:43.435,1.57293,1.57342,1.75,1.00
2014.08.28 22:45:43.536,1.57293,1.57342,1.00,1.00
2014.08.28 22:45:44.185,1.57293,1.57342,1.75,1.00
2014.08.28 22:45:44.296,1.57293,1.57342,1.00,1.00
2014.08.28 22:45:45.209,1.57293,1.57342,1.38,1.00
2014.08.28 22:45:50.933,1.57299,1.57342,1.00,1.00
2014.08.28 22:45:50.984,1.573,1.57348,1.00,1.00
2014.08.28 22:45:52.162,1.57306,1.57355,1.00,1.38
2014.08.28 22:45:52.465,1.57312,1.57355,1.00,1.00
2014.08.28 22:45:53.121,1.57313,1.57362,1.00,1.75
2014.08.28 22:45:53.172,1.57313,1.57362,1.00,1.38
2014.08.28 22:45:54.223,1.57313,1.57362,1.00,1.00
2014.08.28 22:45:54.825,1.57313,1.57362,1.00,1.38
2014.08.28 22:45:56.720,1.57313,1.57357,1.00,1.00
2014.08.28 22:45:56.771,1.57305,1.57356,1.00,1.00
2014.08.28 22:46:00.092,1.57305,1.57356,1.38,1.00
2014.08.28 22:46:02.047,1.57305,1.57356,1.00,1.00
2014.08.28 22:46:03.029,1.57305,1.57356,1.00,1.75
2014.08.28 22:46:03.079,1.573,1.57348,1.38,1.13
2014.08.28 22:46:06.900,1.573,1.57348,1.38,1.00
2014.08.28 22:46:14.799,1.573,1.57348,1.38,1.13
2014.08.28 22:46:19.068,1.573,1.57348,1.00,1.38
2014.08.28 22:46:21.333,1.573,1.57348,1.00,1.38
2014.08.28 22:46:21.645,1.573,1.57348,1.00,1.75
2014.08.28 22:46:22.378,1.573,1.57348,1.38,1.88
2014.08.28 22:46:23.304,1.57302,1.57348,1.00,1.38
2014.08.28 22:46:23.849,1.57303,1.57352,1.00,2.25
2014.08.28 22:46:24.452,1.57303,1.57352,1.00,2.25
2014.08.28 22:46:27.685,1.57303,1.57348,1.00,1.38
2014.08.28 22:46:27.837,1.57296,1.57344,1.00,1.13
2014.08.28 22:46:33.443,1.57296,1.57344,1.00,1.38
2014.08.28 22:46:40.369,1.57296,1.57344,1.00,1.75
2014.08.28 22:46:40.622,1.57296,1.57343,1.00,1.13
2014.08.28 22:46:43.632,1.57296,1.57343,1.00,1.75
2014.08.28 22:46:46.429,1.57296,1.57342,1.00,1.75
2014.08.28 22:46:47.838,1.57295,1.57342,1.00,1.75
2014.08.28 22:46:47.888,1.57293,1.57342,1.00,1.75
2014.08.28 22:46:48.402,1.57293,1.57343,1.00,1.00
2014.08.28 22:46:48.503,1.57293,1.57343,1.00,1.75
2014.08.28 22:46:50.782,1.57293,1.57342,1.00,1.75
2014.08.28 22:47:00.324,1.57294,1.57343,1.00,1.75
2014.08.28 22:47:00.848,1.57293,1.57343,1.00,1.75
2014.08.28 22:47:08.123,1.57292,1.57338,1.00,1.38
2014.08.28 22:47:08.183,1.57288,1.57338,1.00,1.38
2014.08.28 22:47:09.558,1.57288,1.57338,1.00,1.00
2014.08.28 22:47:13.388,1.57294,1.57338,1.00,1.00
2014.08.28 22:47:14.185,1.57294,1.57338,1.00,1.38
2014.08.28 22:47:15.290,1.57288,1.57338,1.00,1.88
2014.08.28 22:47:15.391,1.57288,1.57338,1.00,2.25
2014.08.28 22:47:15.947,1.57288,1.57338,1.00,2.25
2014.08.28 22:47:18.970,1.57287,1.57331,1.00,1.00
2014.08.28 22:47:19.071,1.57284,1.57331,1.00,1.00
2014.08.28 22:47:30.217,1.57294,1.57331,1.00,1.00
2014.08.28 22:47:32.431,1.57284,1.57331,1.00,1.00
2014.08.28 22:47:53.347,1.57282,1.57331,1.00,1.00
2014.08.28 22:47:53.398,1.57282,1.57331,1.00,1.38
2014.08.28 22:47:53.499,1.57275,1.57324,1.00,1.00
2014.08.28 22:47:53.549,1.57275,1.57324,1.00,1.38
2014.08.28 22:47:53.701,1.57268,1.57318,1.88,1.50
2014.08.28 22:47:53.802,1.57268,1.57318,1.50,1.50
2014.08.28 22:47:53.903,1.57268,1.57316,1.50,1.00
2014.08.28 22:47:54.104,1.57268,1.57318,1.50,1.88
2014.08.28 22:48:00.125,1.57268,1.57318,2.25,1.50
2014.08.28 22:48:00.428,1.57276,1.57325,2.25,1.00
2014.08.28 22:48:01.053,1.57283,1.57326,1.38,1.50
2014.08.28 22:48:01.356,1.57309,1.57336,1.13,1.00
2014.08.28 22:48:01.811,1.57309,1.57346,1.00,1.00
2014.08.28 22:48:02.256,1.57301,1.57346,1.00,1.00
2014.08.28 22:48:02.357,1.57289,1.57332,1.75,1.00
2014.08.28 22:48:02.408,1.57288,1.57332,1.75,1.00
2014.08.28 22:48:02.459,1.57288,1.57325,1.75,1.50
2014.08.28 22:48:02.510,1.57284,1.57325,1.00,1.50
2014.08.28 22:48:02.712,1.57274,1.57317,1.50,1.50
2014.08.28 22:48:02.814,1.57274,1.57309,1.00,1.50
2014.08.28 22:48:02.915,1.57263,1.57309,1.50,1.50
2014.08.28 22:48:03.117,1.57263,1.57301,1.00,1.00
2014.08.28 22:48:03.350,1.57258,1.57301,1.50,1.00
2014.08.28 22:48:03.553,1.57263,1.57301,1.00,1.00
2014.08.28 22:48:03.654,1.57263,1.57308,1.00,1.00
2014.08.28 22:48:04.211,1.57264,1.57308,1.00,1.00
2014.08.28 22:48:05.658,1.57254,1.57301,1.00,1.00
2014.08.28 22:48:06.446,1.57254,1.57301,1.75,1.00
2014.08.28 22:48:07.210,1.57273,1.57301,1.00,1.00
2014.08.28 22:48:07.362,1.57279,1.57313,1.00,1.00
2014.08.28 22:48:07.463,1.57288,1.57313,1.00,1.00
2014.08.28 22:48:07.715,1.57292,1.57335,1.00,1.00
2014.08.28 22:48:07.816,1.57288,1.57336,1.00,1.00
2014.08.28 22:48:08.326,1.57288,1.57337,1.00,2.25
2014.08.28 22:48:08.863,1.57288,1.57336,1.00,1.00
2014.08.28 22:48:09.319,1.5728,1.57331,1.00,1.00
2014.08.28 22:48:09.420,1.5728,1.57324,1.00,1.00
2014.08.28 22:48:09.470,1.57274,1.57322,1.00,1.00
2014.08.28 22:48:09.673,1.57267,1.57315,1.88,1.00
2014.08.28 22:48:10.358,1.57267,1.57315,1.88,1.00
2014.08.28 22:48:10.848,1.57265,1.57309,1.00,1.00
2014.08.28 22:48:11.398,1.57264,1.57309,1.00,1.00
2014.08.28 22:48:12.489,1.57264,1.57309,1.38,1.00
2014.08.28 22:48:12.801,1.57263,1.57309,1.00,1.00
2014.08.28 22:48:13.316,1.57264,1.57309,1.00,1.00
2014.08.28 22:48:13.418,1.57266,1.57311,1.50,1.00
2014.08.28 22:48:13.468,1.57266,1.57317,2.25,1.50
2014.08.28 22:48:15.878,1.57266,1.57317,3.00,1.50
2014.08.28 22:48:16.029,1.57277,1.57326,1.75,1.50
2014.08.28 22:48:16.130,1.57277,1.57326,1.50,1.00
2014.08.28 22:48:16.483,1.57284,1.57332,1.00,2.25
2014.08.28 22:48:16.786,1.57284,1.57325,1.00,1.00
2014.08.28 22:48:16.938,1.57277,1.57323,1.00,1.00
2014.08.28 22:48:17.039,1.57274,1.57323,1.00,1.00
2014.08.28 22:48:17.244,1.57272,1.57314,1.00,1.00
2014.08.28 22:48:17.556,1.57274,1.57314,1.00,1.00
2014.08.28 22:48:18.187,1.57273,1.57314,1.00,1.00
2014.08.28 22:48:18.287,1.57266,1.57314,1.50,1.00
2014.08.28 22:48:19.087,1.57274,1.57314,1.00,1.00
2014.08.28 22:48:19.307,1.57266,1.57314,1.50,1.00
2014.08.28 22:48:19.567,1.57266,1.57314,1.88,1.00
2014.08.28 22:48:19.819,1.57266,1.57314,1.00,1.00
2014.08.28 22:48:26.140,1.57269,1.57314,1.00,1.00
2014.08.28 22:48:26.443,1.57275,1.57316,1.00,1.00
2014.08.28 22:48:26.695,1.57273,1.57316,1.00,1.50
2014.08.28 22:48:27.219,1.57274,1.57316,1.00,1.50
2014.08.28 22:48:28.423,1.57274,1.57317,1.00,1.00
2014.08.28 22:48:28.524,1.57274,1.57317,1.38,1.00
2014.08.28 22:48:29.594,1.57274,1.57317,1.00,1.50
2014.08.28 22:48:29.696,1.57267,1.57316,1.50,1.00
2014.08.28 22:48:43.036,1.57267,1.57316,1.38,1.00
2014.08.28 22:48:43.570,1.57267,1.57316,1.50,1.00
2014.08.28 22:48:43.672,1.57276,1.57317,1.00,1.00
2014.08.28 22:48:43.722,1.57276,1.57324,1.13,1.00
2014.08.28 22:48:43.824,1.57282,1.5733,1.00,1.38
2014.08.28 22:48:43.925,1.57282,1.57331,1.00,1.13
2014.08.28 22:48:44.076,1.57284,1.57331,1.00,1.00
2014.08.28 22:48:44.177,1.57288,1.57337,1.00,1.13
2014.08.28 22:48:44.453,1.57288,1.57337,1.00,1.38
2014.08.28 22:48:45.018,1.57288,1.57337,1.00,1.00
2014.08.28 22:48:45.578,1.57288,1.57337,1.00,1.38
2014.08.28 22:48:45.937,1.57288,1.57338,1.50,1.00
2014.08.28 22:48:48.376,1.57288,1.57338,2.63,1.00
2014.08.28 22:48:49.366,1.57288,1.57338,2.25,1.00
2014.08.28 22:48:49.468,1.57288,1.57337,1.50,1.38
2014.08.28 22:48:50.540,1.57288,1.57337,1.50,1.00
2014.08.28 22:48:52.480,1.57288,1.57337,1.50,1.38
2014.08.28 22:48:52.632,1.57288,1.57337,1.50,1.00
2014.08.28 22:48:54.600,1.57288,1.57336,1.50,1.00
2014.08.28 22:48:54.651,1.57288,1.57336,1.50,1.38
2014.08.28 22:48:55.416,1.57288,1.57336,2.25,1.00
2014.08.28 22:48:56.600,1.57288,1.57336,1.50,1.38
2014.08.28 22:48:56.802,1.57288,1.57336,1.88,1.00
2014.08.28 22:48:57.600,1.57288,1.57336,1.50,1.38
2014.08.28 22:49:00.363,1.57288,1.57336,1.00,1.00
2014.08.28 22:49:02.076,1.57288,1.57336,1.00,1.38
2014.08.28 22:49:03.289,1.57288,1.57336,1.50,1.00
2014.08.28 22:49:04.045,1.57288,1.57336,1.50,1.38
2014.08.28 22:49:08.604,1.57288,1.57336,1.00,1.38
2014.08.28 22:49:08.755,1.57286,1.57336,2.25,1.00
2014.08.28 22:49:09.706,1.57286,1.57336,3.38,1.00
2014.08.28 22:49:11.116,1.57287,1.57336,2.25,1.00
2014.08.28 22:49:11.715,1.57288,1.57336,1.00,1.00
2014.08.28 22:49:12.423,1.57286,1.57336,2.63,1.00
2014.08.28 22:49:14.605,1.57286,1.57337,2.63,2.25
2014.08.28 22:49:15.135,1.57288,1.57337,1.00,2.25
2014.08.28 22:49:17.425,1.57286,1.57337,2.63,2.25
2014.08.28 22:49:23.317,1.57286,1.57337,2.63,2.25
2014.08.28 22:49:23.928,1.57287,1.57336,1.38,1.00
2014.08.28 22:49:29.000,1.57289,1.57336,1.00,1.00
2014.08.28 22:49:34.763,1.5729,1.57336,1.00,1.00
2014.08.28 22:49:36.368,1.57294,1.57336,1.38,1.00
2014.08.28 22:49:36.419,1.57294,1.57338,1.38,1.00
2014.08.28 22:49:36.622,1.57297,1.57345,1.00,1.00
2014.08.28 22:49:50.408,1.57297,1.57344,1.00,1.00
2014.08.28 22:49:51.373,1.57297,1.57344,1.00,1.38
2014.08.28 22:49:51.982,1.57297,1.57344,1.00,1.00
2014.08.28 22:49:55.337,1.57297,1.57344,1.00,1.38
2014.08.28 22:49:55.438,1.57297,1.57344,1.38,1.00
2014.08.28 22:49:55.488,1.57304,1.57344,1.00,1.00
2014.08.28 22:49:55.539,1.57304,1.57352,1.00,1.38
2014.08.28 22:49:57.075,1.57308,1.57352,1.00,1.38
2014.08.28 22:49:57.176,1.57308,1.57353,1.00,1.00
2014.08.28 22:49:57.227,1.57311,1.57353,1.00,1.00
2014.08.28 22:49:57.530,1.57312,1.57357,2.25,1.13
2014.08.28 22:49:58.046,1.57312,1.57357,2.63,1.00
2014.08.28 22:49:58.097,1.57312,1.57363,2.63,1.88
2014.08.28 22:49:58.198,1.57315,1.57363,1.00,1.50
2014.08.28 22:49:59.635,1.57318,1.57363,1.00,1.50
2014.08.28 22:50:00.947,1.57315,1.57363,1.00,1.50
2014.08.28 22:50:01.359,1.57315,1.57363,1.38,1.88
2014.08.28 22:50:02.111,1.57322,1.57363,1.00,1.88
2014.08.28 22:50:02.422,1.57334,1.57376,1.00,1.50
2014.08.28 22:50:02.574,1.57334,1.57376,1.13,1.00
2014.08.28 22:50:02.862,1.57334,1.57376,1.38,1.00
2014.08.28 22:50:03.064,1.57335,1.57383,1.38,1.38
2014.08.28 22:50:17.692,1.57335,1.57383,1.75,1.00
2014.08.28 22:50:18.207,1.57337,1.57383,1.88,1.13
2014.08.28 22:50:23.392,1.57337,1.57376,1.88,1.00
2014.08.28 22:50:23.722,1.57336,1.57384,1.38,1.38
2014.08.28 22:50:24.467,1.57336,1.57384,1.38,1.50
2014.08.28 22:50:28.892,1.57343,1.57384,1.00,1.50
2014.08.28 22:50:29.000,1.57338,1.57384,1.00,1.50
2014.08.28 22:50:35.778,1.57338,1.57384,1.13,1.38
2014.08.28 22:50:35.829,1.5734,1.57384,1.00,1.38
2014.08.28 22:50:36.614,1.5734,1.57384,1.00,1.13
2014.08.28 22:50:38.132,1.57338,1.57384,1.38,1.13
2014.08.28 22:50:39.886,1.57341,1.57384,1.00,1.13
2014.08.28 22:50:43.606,1.57339,1.57385,1.13,1.38
2014.08.28 22:50:52.881,1.57344,1.57385,1.00,1.38
2014.08.28 22:50:57.754,1.57344,1.57385,1.00,1.13
2014.08.28 22:51:03.177,1.57339,1.57385,1.88,1.13
2014.08.28 22:51:03.417,1.57339,1.57385,2.25,1.00
2014.08.28 22:51:09.786,1.57339,1.57382,1.50,1.00
2014.08.28 22:51:13.705,1.57336,1.57382,2.25,1.00
2014.08.28 22:51:19.297,1.57347,1.57382,1.00,1.00
2014.08.28 22:51:19.399,1.57348,1.5739,1.00,1.13
2014.08.28 22:51:19.449,1.57348,1.5739,1.88,1.00
2014.08.28 22:51:19.752,1.5735,1.5739,1.88,1.00
2014.08.28 22:51:20.284,1.5735,1.5739,1.88,1.00
2014.08.28 22:51:20.436,1.5735,1.57389,1.00,1.00
2014.08.28 22:51:20.487,1.57344,1.57381,1.00,1.00
2014.08.28 22:51:21.068,1.57344,1.57382,1.00,1.00
2014.08.28 22:51:21.649,1.57343,1.57382,1.00,1.00
2014.08.28 22:51:44.084,1.57343,1.57386,1.00,1.13
2014.08.28 22:51:46.057,1.57343,1.57386,1.00,1.38
2014.08.28 22:51:56.527,1.57343,1.57386,1.00,1.00
2014.08.28 22:52:01.670,1.57344,1.57386,1.00,1.00
2014.08.28 22:52:03.939,1.57344,1.57383,1.00,1.00
2014.08.28 22:52:30.404,1.57343,1.57383,1.00,1.00
2014.08.28 22:52:45.330,1.57343,1.5738,1.00,1.00
2014.08.28 22:53:05.385,1.57343,1.57381,1.00,1.50
2014.08.28 22:53:25.440,1.57343,1.5738,1.00,1.00
2014.08.28 22:53:25.946,1.57343,1.57379,1.00,1.00
2014.08.28 22:53:40.200,1.57343,1.57376,1.00,1.00
2014.08.28 22:53:40.438,1.57331,1.57376,1.00,1.00
2014.08.28 22:53:40.488,1.57331,1.57376,1.00,1.50
2014.08.28 22:53:40.589,1.57324,1.5737,1.50,1.00
2014.08.28 22:53:40.760,1.57322,1.5737,1.00,1.00
2014.08.28 22:53:41.684,1.57322,1.5737,1.00,1.38
2014.08.28 22:53:42.163,1.57317,1.57362,1.88,1.00
2014.08.28 22:53:46.093,1.57325,1.57362,1.00,1.00
2014.08.28 22:53:46.245,1.57318,1.57362,1.13,1.00
2014.08.28 22:53:46.766,1.57319,1.57362,1.00,1.00
2014.08.28 22:53:47.302,1.57324,1.57362,1.00,1.00
2014.08.28 22:53:54.894,1.57319,1.57362,1.00,1.00
2014.08.28 22:54:00.910,1.57317,1.57362,1.88,1.00
2014.08.28 22:54:00.960,1.57317,1.57362,1.50,1.38
2014.08.28 22:54:01.640,1.57314,1.57362,1.38,1.38
2014.08.28 22:54:01.965,1.57313,1.57358,2.63,1.00
2014.08.28 22:54:02.902,1.57313,1.57358,2.63,1.13
2014.08.28 22:54:08.623,1.57314,1.57358,1.00,1.38
2014.08.28 22:54:09.161,1.57314,1.57358,1.50,1.38
2014.08.28 22:54:15.499,1.57314,1.57358,1.88,1.00
2014.08.28 22:54:19.258,1.57314,1.57358,1.50,1.38
2014.08.28 22:54:42.381,1.57314,1.57356,1.50,1.00
2014.08.28 22:54:55.180,1.57317,1.57356,1.00,1.00
2014.08.28 22:54:55.703,1.57314,1.57356,1.50,1.00
2014.08.28 22:55:02.521,1.57314,1.57359,1.50,1.13
2014.08.28 22:55:05.362,1.57314,1.57359,1.50,1.50
2014.08.28 22:55:06.040,1.57314,1.57359,1.50,1.75
2014.08.28 22:55:06.900,1.57314,1.57359,1.50,1.00
2014.08.28 22:55:07.001,1.57314,1.57359,1.50,1.38
2014.08.28 22:55:09.875,1.57318,1.57359,1.00,1.38
2014.08.28 22:55:12.535,1.57318,1.57359,1.00,1.38
2014.08.28 22:55:12.636,1.57314,1.57359,1.00,1.38
2014.08.28 22:55:12.687,1.57314,1.57359,1.00,1.00
2014.08.28 22:55:12.889,1.57324,1.57359,1.00,1.00
2014.08.28 22:55:12.990,1.57319,1.57359,1.00,1.00
2014.08.28 22:55:13.459,1.57318,1.57359,1.00,1.50
2014.08.28 22:55:13.520,1.57318,1.57359,1.00,1.38
2014.08.28 22:55:19.418,1.57318,1.57359,1.00,1.38
2014.08.28 22:55:19.726,1.57323,1.57359,1.00,1.38
2014.08.28 22:55:21.095,1.5732,1.57359,1.00,1.38
2014.08.28 22:55:32.256,1.5732,1.57357,1.00,1.75
2014.08.28 22:55:32.458,1.57316,1.57356,1.00,2.25
2014.08.28 22:55:32.559,1.57303,1.57348,1.00,1.88
2014.08.28 22:55:32.660,1.57303,1.5734,1.00,1.00
2014.08.28 22:55:32.811,1.57298,1.5734,1.00,1.00
2014.08.28 22:55:32.862,1.57298,1.57334,1.00,1.00
2014.08.28 22:55:33.114,1.57288,1.57333,1.00,1.00
2014.08.28 22:55:34.037,1.57284,1.57333,2.25,1.00
2014.08.28 22:55:38.460,1.57284,1.57333,1.50,1.38
2014.08.28 22:55:44.963,1.57284,1.57333,1.13,1.38
2014.08.28 22:55:45.341,1.57283,1.57327,1.88,1.00
2014.08.28 22:55:52.842,1.57303,1.57327,1.00,1.00
2014.08.28 22:55:52.893,1.57303,1.57335,1.00,1.00
2014.08.28 22:55:52.994,1.57303,1.57337,1.00,1.00
2014.08.28 22:55:53.045,1.57303,1.57339,1.00,1.00
2014.08.28 22:55:53.146,1.57298,1.57342,1.50,1.00
2014.08.28 22:55:53.247,1.57299,1.57347,2.25,1.00
2014.08.28 22:55:53.398,1.57299,1.5735,1.50,2.25
2014.08.28 22:55:53.448,1.57298,1.57343,1.50,1.50
2014.08.28 22:55:53.751,1.57285,1.57336,2.25,1.50
2014.08.28 22:55:54.290,1.57288,1.57336,1.00,1.50
2014.08.28 22:55:54.834,1.57285,1.57336,2.25,1.50
2014.08.28 22:55:55.594,1.57304,1.57336,1.00,1.50
2014.08.28 22:55:55.846,1.57314,1.57353,1.00,1.38
2014.08.28 22:55:55.916,1.57324,1.57353,1.00,1.38
2014.08.28 22:55:55.966,1.57316,1.57353,1.00,1.38
2014.08.28 22:55:56.578,1.57317,1.57353,1.00,1.38
2014.08.28 22:55:56.845,1.57324,1.57353,1.00,1.38
2014.08.28 22:55:59.484,1.57322,1.57353,1.00,1.38
2014.08.28 22:56:00.694,1.57314,1.57353,1.00,1.38
2014.08.28 22:56:01.203,1.57314,1.57353,1.00,1.00
2014.08.28 22:56:04.443,1.57311,1.57353,1.38,1.00
2014.08.28 22:56:09.908,1.57306,1.57353,1.50,1.38
2014.08.28 22:56:09.959,1.57303,1.57346,1.00,1.50
2014.08.28 22:56:10.211,1.57298,1.57346,1.00,1.88
2014.08.28 22:56:10.543,1.57297,1.57346,1.00,1.50
2014.08.28 22:56:10.594,1.57297,1.57339,1.00,1.50
2014.08.28 22:56:10.958,1.57294,1.57339,1.00,1.50
2014.08.28 22:56:13.711,1.57297,1.57339,1.00,1.50
2014.08.28 22:56:15.214,1.57295,1.57339,1.00,1.50
2014.08.28 22:56:18.087,1.57301,1.57339,1.00,1.50
2014.08.28 22:56:18.239,1.57307,1.57347,1.38,1.00
2014.08.28 22:56:18.340,1.57313,1.57351,1.00,1.00
2014.08.28 22:56:18.390,1.57313,1.57354,1.00,1.38
2014.08.28 22:56:18.441,1.57313,1.57354,1.00,1.38
2014.08.28 22:56:18.746,1.57314,1.57354,1.00,1.75
2014.08.28 22:56:23.375,1.57314,1.57354,1.00,1.50
2014.08.28 22:56:23.728,1.57314,1.57354,1.00,1.75
2014.08.28 22:56:33.388,1.57319,1.57354,1.00,1.38
2014.08.28 22:56:33.692,1.57319,1.57354,1.00,1.00
2014.08.28 22:56:35.679,1.5731,1.57354,1.00,1.38
2014.08.28 22:56:35.780,1.5731,1.57345,1.00,1.00
2014.08.28 22:56:35.831,1.57308,1.57345,1.00,1.00
2014.08.28 22:56:35.932,1.57304,1.57345,1.00,1.00
2014.08.28 22:56:36.154,1.57298,1.57345,1.38,1.00
2014.08.28 22:56:39.152,1.57304,1.57345,1.00,1.00
2014.08.28 22:56:39.837,1.57305,1.57345,1.00,1.00
2014.08.28 22:56:42.222,1.57305,1.57351,1.00,1.00
2014.08.28 22:56:42.730,1.57305,1.57353,1.00,1.88
2014.08.28 22:56:46.313,1.57305,1.57353,1.00,1.50
2014.08.28 22:56:50.779,1.57306,1.57353,1.00,1.50
2014.08.28 22:56:56.393,1.57314,1.57353,1.00,1.50
2014.08.28 22:56:59.543,1.57314,1.5736,1.00,2.63
2014.08.28 22:57:05.337,1.57314,1.57356,1.00,1.00
2014.08.28 22:57:05.438,1.57314,1.57351,1.00,1.00
2014.08.28 22:57:07.724,1.57305,1.57351,1.00,1.00
2014.08.28 22:57:08.582,1.57304,1.57351,1.00,1.00
2014.08.28 22:57:09.397,1.57313,1.57351,1.00,1.00
2014.08.28 22:57:10.057,1.57304,1.57351,1.00,1.00
2014.08.28 22:57:10.566,1.57303,1.57351,1.88,1.00
2014.08.28 22:57:13.183,1.5731,1.57358,1.00,1.38
2014.08.28 22:57:15.167,1.5731,1.57358,1.00,1.13
2014.08.28 22:57:18.485,1.5731,1.57358,1.00,1.38
2014.08.28 22:57:25.055,1.5731,1.57358,1.00,1.75
2014.08.28 22:57:25.156,1.57308,1.5735,1.00,1.38
2014.08.28 22:57:25.257,1.57303,1.5735,1.13,1.38
2014.08.28 22:57:27.835,1.57303,1.5735,1.13,1.38
2014.08.28 22:57:31.081,1.57303,1.5735,1.00,1.00
2014.08.28 22:57:31.333,1.57304,1.5735,1.00,1.50
2014.08.28 22:57:31.383,1.57302,1.5735,1.00,1.50
2014.08.28 22:57:31.787,1.57297,1.57345,1.00,1.88
2014.08.28 22:57:31.888,1.57294,1.57345,1.50,1.88
2014.08.28 22:57:36.402,1.57302,1.57345,1.00,1.00
2014.08.28 22:57:36.453,1.57303,1.5735,1.00,1.88
2014.08.28 22:57:36.606,1.57303,1.5735,1.00,1.88
2014.08.28 22:57:36.967,1.57309,1.5735,1.00,1.38
2014.08.28 22:57:40.292,1.57315,1.57352,1.00,1.00
2014.08.28 22:57:40.596,1.57323,1.5736,1.00,1.00
2014.08.28 22:57:40.798,1.57336,1.57374,1.00,1.00
2014.08.28 22:57:40.899,1.57339,1.57375,1.00,1.00
2014.08.28 22:57:41.202,1.57346,1.57374,1.00,1.00
2014.08.28 22:57:41.253,1.57338,1.57374,1.50,1.00
2014.08.28 22:57:41.723,1.5734,1.57374,1.00,1.00
2014.08.28 22:57:41.926,1.5734,1.57382,1.00,1.00
2014.08.28 22:57:41.977,1.5734,1.57387,1.00,2.25
2014.08.28 22:57:46.137,1.5734,1.57387,1.00,2.63
2014.08.28 22:57:52.863,1.57344,1.57385,1.00,1.13
2014.08.28 22:57:53.210,1.57344,1.57387,1.00,2.25
2014.08.28 22:57:53.351,1.57344,1.57387,1.00,1.88
2014.08.28 22:58:02.079,1.57334,1.57386,1.38,1.13
2014.08.28 22:58:30.223,1.57344,1.57387,1.00,1.38
2014.08.28 22:58:30.681,1.57334,1.57386,1.38,1.13
2014.08.28 22:58:31.873,1.57343,1.57387,1.00,1.38
2014.08.28 22:58:34.411,1.57344,1.57389,1.00,1.38
2014.08.28 22:58:50.151,1.57335,1.57386,1.00,1.38
2014.08.28 22:58:50.665,1.57334,1.57386,1.00,1.88
2014.08.28 22:58:51.583,1.57343,1.57386,1.00,1.38
2014.08.28 22:59:02.432,1.57343,1.57387,1.00,1.75
2014.08.28 22:59:02.483,1.57334,1.57387,1.88,1.75
2014.08.28 22:59:16.524,1.57338,1.57387,1.00,1.75
2014.08.28 22:59:17.167,1.57338,1.57387,1.00,1.75
2014.08.28 22:59:17.580,1.57335,1.57387,1.13,1.75
2014.08.28 22:59:33.256,1.57337,1.57387,1.00,1.75
