2011.05.12 11:00:01.111,1.80151,1.8022,2.10,2.10
2011.05.12 11:00:01.221,1.80148,1.80214,1.80,2.10
2011.05.12 11:00:05.621,1.80162,1.80214,1.28,2.10
2011.05.12 11:00:06.499,1.80164,1.80214,1.28,2.10
2011.05.12 11:00:06.828,1.80166,1.80214,1.28,2.10
2011.05.12 11:00:08.009,1.80161,1.80214,1.28,2.10
2011.05.12 11:00:08.561,1.80163,1.80214,1.28,2.10
2011.05.12 11:00:09.271,1.8016,1.80207,1.28,1.88
2011.05.12 11:00:09.668,1.80162,1.80214,1.28,2.10
2011.05.12 11:00:10.340,1.80161,1.80214,1.28,2.10
2011.05.12 11:00:10.888,1.8016,1.8021,1.28,1.88
2011.05.12 11:00:11.808,1.80159,1.80205,1.28,1.88
2011.05.12 11:00:12.359,1.80159,1.80202,1.28,2.10
2011.05.12 11:00:13.127,1.80122,1.80168,1.28,2.10
2011.05.12 11:00:13.235,1.80087,1.80156,1.20,2.25
2011.05.12 11:00:13.461,1.80087,1.80156,1.95,1.35
2011.05.12 11:00:13.570,1.80097,1.80157,1.35,1.35
2011.05.12 11:00:15.109,1.80097,1.80157,1.35,1.35
2011.05.12 11:00:15.720,1.80101,1.80157,1.28,1.35
2011.05.12 11:00:17.239,1.80102,1.80157,1.28,1.35
2011.05.12 11:00:18.789,1.80101,1.80157,1.28,1.35
2011.05.12 11:00:19.306,1.80101,1.80157,1.28,1.35
2011.05.12 11:00:19.528,1.801,1.80157,1.28,1.88
2011.05.12 11:00:22.263,1.80102,1.80157,2.10,1.28
2011.05.12 11:00:22.590,1.80127,1.80177,1.28,1.35
2011.05.12 11:00:22.699,1.80118,1.80177,1.28,1.35
2011.05.12 11:00:22.811,1.80118,1.80178,1.88,1.95
2011.05.12 11:00:22.919,1.80118,1.80178,1.28,1.95
2011.05.12 11:00:23.724,1.80113,1.80158,1.88,1.28
2011.05.12 11:00:24.187,1.80112,1.80158,1.28,1.28
2011.05.12 11:00:24.740,1.80111,1.80158,1.28,1.28
2011.05.12 11:00:24.850,1.80116,1.80162,1.28,1.28
2011.05.12 11:00:24.959,1.80111,1.80158,1.28,1.28
2011.05.12 11:00:25.948,1.80109,1.80156,1.28,1.28
2011.05.12 11:00:26.469,1.80109,1.80156,1.88,1.28
2011.05.12 11:00:26.800,1.80122,1.80166,1.88,1.65
2011.05.12 11:00:27.128,1.80132,1.80176,1.28,1.88
2011.05.12 11:00:28.528,1.80122,1.80174,1.88,1.88
2011.05.12 11:00:29.761,1.80125,1.80179,1.28,1.88
2011.05.12 11:00:29.869,1.80125,1.80179,1.88,1.88
2011.05.12 11:00:30.989,1.80134,1.80182,1.28,1.88
2011.05.12 11:00:32.171,1.80134,1.80182,1.88,1.28
2011.05.12 11:00:32.501,1.80133,1.80177,1.28,1.88
2011.05.12 11:00:32.720,1.80131,1.80177,1.28,1.88
2011.05.12 11:00:32.940,1.80133,1.80177,2.10,1.28
2011.05.12 11:00:33.048,1.80143,1.80189,1.28,1.88
2011.05.12 11:00:33.159,1.80141,1.80187,1.88,1.88
2011.05.12 11:00:33.489,1.80125,1.80171,1.88,1.28
2011.05.12 11:00:33.820,1.80136,1.8018,1.88,1.28
2011.05.12 11:00:33.929,1.80139,1.80185,1.88,1.88
2011.05.12 11:00:35.143,1.80131,1.80181,2.10,1.28
2011.05.12 11:00:35.251,1.80127,1.80172,1.88,1.28
2011.05.12 11:00:36.112,1.8013,1.80179,1.88,1.88
2011.05.12 11:00:36.668,1.80131,1.80184,2.10,1.88
2011.05.12 11:00:37.990,1.80131,1.80181,2.10,1.28
2011.05.12 11:00:38.760,1.8014,1.80187,1.88,1.88
2011.05.12 11:00:39.352,1.80148,1.80184,2.10,1.28
2011.05.12 11:00:39.460,1.80142,1.80196,1.28,1.65
2011.05.12 11:00:39.572,1.80122,1.80191,1.20,1.28
2011.05.12 11:00:39.680,1.80106,1.80189,3.45,1.28
2011.05.12 11:00:39.792,1.80122,1.80176,2.10,2.10
2011.05.12 11:00:40.229,1.80119,1.80171,1.28,3.38
2011.05.12 11:00:42.139,1.80118,1.80171,1.88,3.38
2011.05.12 11:00:42.688,1.80119,1.80171,1.28,3.38
2011.05.12 11:00:43.259,1.80119,1.80171,1.88,1.28
2011.05.12 11:00:43.557,1.80118,1.80173,1.88,1.28
2011.05.12 11:00:43.888,1.8012,1.80171,1.88,1.28
2011.05.12 11:00:44.572,1.8013,1.80174,1.28,1.28
2011.05.12 11:00:44.683,1.80132,1.80179,1.88,1.28
2011.05.12 11:00:45.240,1.80122,1.80167,2.10,1.28
2011.05.12 11:00:45.352,1.8012,1.80167,1.88,1.28
2011.05.12 11:00:45.571,1.8012,1.80167,1.28,1.88
2011.05.12 11:00:46.338,1.80121,1.80169,1.28,1.88
2011.05.12 11:00:47.330,1.8012,1.80173,1.28,1.88
2011.05.12 11:00:47.879,1.8012,1.80171,1.88,1.28
2011.05.12 11:00:48.210,1.80124,1.80171,1.28,1.88
2011.05.12 11:00:48.319,1.80119,1.80165,1.28,1.88
2011.05.12 11:00:48.429,1.80121,1.80171,1.28,1.88
2011.05.12 11:00:50.189,1.80122,1.80172,1.28,1.88
2011.05.12 11:00:50.771,1.80122,1.80175,1.28,1.88
2011.05.12 11:00:52.019,1.80131,1.80175,1.28,1.88
2011.05.12 11:00:53.509,1.80128,1.80175,1.28,1.88
2011.05.12 11:00:54.058,1.80129,1.80173,1.28,1.88
2011.05.12 11:00:54.542,1.80123,1.80171,1.28,1.88
2011.05.12 11:00:54.652,1.80119,1.80165,1.28,1.88
2011.05.12 11:00:56.090,1.80123,1.80172,1.28,2.10
2011.05.12 11:00:56.199,1.80123,1.80176,1.88,1.88
2011.05.12 11:00:56.530,1.80124,1.80174,1.28,1.28
2011.05.12 11:00:56.640,1.8011,1.80163,1.88,1.28
2011.05.12 11:00:56.748,1.80116,1.80173,1.88,1.88
2011.05.12 11:00:57.299,1.80109,1.80161,3.08,1.28
2011.05.12 11:00:57.520,1.80109,1.80161,3.08,1.88
2011.05.12 11:00:58.300,1.8011,1.8016,1.28,1.88
2011.05.12 11:00:58.849,1.80106,1.8016,1.88,1.88
2011.05.12 11:01:00.279,1.80106,1.8016,1.88,1.28
2011.05.12 11:01:00.501,1.80105,1.80162,1.88,1.28
2011.05.12 11:01:00.609,1.80106,1.80151,1.28,1.88
2011.05.12 11:01:01.159,1.80107,1.80153,1.28,1.88
2011.05.12 11:01:01.999,1.80096,1.80142,1.88,1.28
2011.05.12 11:01:02.328,1.80119,1.8016,1.28,2.10
2011.05.12 11:01:02.439,1.80119,1.80165,1.88,1.65
2011.05.12 11:01:02.549,1.80119,1.80165,1.28,1.28
2011.05.12 11:01:02.660,1.80116,1.8016,2.10,1.28
2011.05.12 11:01:02.769,1.80119,1.80165,1.88,1.28
2011.05.12 11:01:03.341,1.80129,1.80172,1.28,1.35
2011.05.12 11:01:03.899,1.8013,1.80172,1.28,1.35
2011.05.12 11:01:04.229,1.80114,1.80169,1.28,2.48
2011.05.12 11:01:04.450,1.80114,1.8017,1.88,2.25
2011.05.12 11:01:04.780,1.80095,1.80141,1.88,1.28
2011.05.12 11:01:05.108,1.8013,1.80165,1.28,1.58
2011.05.12 11:01:05.878,1.80131,1.8017,1.28,1.35
2011.05.12 11:01:05.990,1.80143,1.80187,1.28,1.88
2011.05.12 11:01:06.210,1.80128,1.80179,2.10,1.28
2011.05.12 11:01:06.429,1.80117,1.80175,3.75,1.80
2011.05.12 11:01:07.192,1.80132,1.80171,1.28,1.35
2011.05.12 11:01:07.301,1.80116,1.80171,1.88,1.35
2011.05.12 11:01:08.419,1.80116,1.80171,1.88,1.35
2011.05.12 11:01:08.529,1.80116,1.80177,1.88,2.03
2011.05.12 11:01:10.712,1.80119,1.80171,2.10,1.28
2011.05.12 11:01:10.819,1.80128,1.80183,1.88,1.20
2011.05.12 11:01:11.040,1.80131,1.80188,1.88,1.20
2011.05.12 11:01:11.259,1.80131,1.8019,1.28,2.18
2011.05.12 11:01:11.712,1.8011,1.80179,1.88,1.80
2011.05.12 11:01:11.823,1.801,1.80165,1.35,1.28
2011.05.12 11:01:11.931,1.801,1.80169,1.35,1.88
2011.05.12 11:01:12.042,1.80101,1.80152,1.65,1.28
2011.05.12 11:01:12.590,1.80108,1.80168,1.88,1.20
2011.05.12 11:01:12.699,1.80108,1.80171,1.88,1.28
2011.05.12 11:01:13.140,1.80108,1.80169,1.88,1.28
2011.05.12 11:01:14.579,1.80107,1.80161,1.88,1.28
2011.05.12 11:01:16.422,1.80109,1.8017,1.88,1.28
2011.05.12 11:01:16.969,1.80106,1.80162,3.08,1.28
2011.05.12 11:01:17.079,1.80115,1.80171,1.28,1.28
2011.05.12 11:01:17.408,1.80112,1.80169,1.88,1.28
2011.05.12 11:01:17.740,1.80115,1.80171,1.28,1.28
2011.05.12 11:01:18.070,1.80107,1.80167,1.88,1.28
2011.05.12 11:01:18.411,1.80115,1.80169,1.28,1.28
2011.05.12 11:01:19.179,1.80115,1.80171,1.28,1.28
2011.05.12 11:01:19.400,1.80112,1.80166,1.88,1.28
2011.05.12 11:01:21.240,1.80107,1.80161,1.88,1.28
2011.05.12 11:01:21.569,1.80106,1.80164,1.88,1.28
2011.05.12 11:01:21.899,1.80112,1.80166,1.88,1.28
2011.05.12 11:01:22.008,1.80116,1.8017,1.88,1.28
2011.05.12 11:01:22.691,1.80117,1.80171,1.88,1.28
2011.05.12 11:01:23.021,1.80118,1.80173,1.88,1.28
2011.05.12 11:01:23.240,1.80119,1.80175,1.88,1.28
2011.05.12 11:01:23.462,1.80123,1.80178,1.88,1.28
2011.05.12 11:01:23.570,1.80125,1.80183,1.28,1.65
2011.05.12 11:01:23.680,1.80131,1.80185,1.28,1.65
2011.05.12 11:01:24.229,1.80129,1.80185,1.28,1.65
2011.05.12 11:01:24.770,1.8013,1.80186,1.28,1.65
2011.05.12 11:01:25.859,1.8013,1.80186,1.88,1.65
2011.05.12 11:01:26.190,1.80134,1.80178,1.28,1.28
2011.05.12 11:01:26.518,1.8014,1.80189,1.88,2.03
2011.05.12 11:01:26.958,1.80136,1.8018,1.88,1.28
2011.05.12 11:01:27.178,1.80138,1.80187,1.28,1.35
2011.05.12 11:01:28.100,1.80127,1.80184,2.10,1.65
2011.05.12 11:01:29.699,1.80123,1.80184,1.28,2.25
2011.05.12 11:01:29.809,1.8012,1.80176,1.28,1.28
2011.05.12 11:01:30.249,1.80124,1.80183,1.28,2.25
2011.05.12 11:01:30.799,1.80125,1.80183,1.28,2.25
2011.05.12 11:01:31.349,1.80114,1.80182,1.80,2.25
2011.05.12 11:01:31.569,1.80117,1.80166,1.88,1.28
2011.05.12 11:01:32.009,1.8012,1.80166,1.28,1.88
2011.05.12 11:01:33.171,1.80108,1.80162,1.80,1.28
2011.05.12 11:01:33.760,1.80106,1.80155,2.10,1.28
2011.05.12 11:01:33.980,1.80108,1.80165,1.28,2.03
2011.05.12 11:01:34.092,1.80108,1.80163,1.88,1.35
2011.05.12 11:01:34.310,1.80105,1.80155,1.20,1.28
2011.05.12 11:01:34.420,1.80107,1.80161,1.88,1.88
2011.05.12 11:01:34.749,1.80087,1.80133,1.28,1.28
2011.05.12 11:01:35.078,1.80087,1.80131,1.28,1.28
2011.05.12 11:01:35.679,1.80088,1.80132,1.28,1.28
2011.05.12 11:01:36.009,1.80103,1.80144,2.10,1.28
2011.05.12 11:01:36.406,1.80098,1.80144,3.38,1.28
2011.05.12 11:01:37.131,1.80098,1.80143,3.38,1.28
2011.05.12 11:01:38.431,1.80101,1.80145,1.88,1.28
2011.05.12 11:01:38.649,1.80098,1.80143,1.88,1.28
2011.05.12 11:01:38.759,1.80102,1.80146,1.88,1.28
2011.05.12 11:01:39.750,1.80101,1.80145,1.88,1.28
2011.05.12 11:01:39.968,1.80104,1.80155,1.88,2.25
2011.05.12 11:01:40.479,1.80101,1.80145,1.88,1.28
2011.05.12 11:01:41.028,1.80098,1.80144,1.88,1.28
2011.05.12 11:01:41.139,1.801,1.80155,1.88,2.25
2011.05.12 11:01:41.800,1.80101,1.80153,1.88,1.28
2011.05.12 11:01:42.321,1.80093,1.80141,1.80,1.28
2011.05.12 11:01:42.433,1.80098,1.80144,1.28,1.28
2011.05.12 11:01:42.542,1.80087,1.80138,1.58,1.88
2011.05.12 11:01:43.088,1.80084,1.80138,2.03,1.88
2011.05.12 11:01:43.419,1.80094,1.80138,1.28,1.28
2011.05.12 11:01:43.858,1.80083,1.80133,1.35,1.28
2011.05.12 11:01:44.079,1.80094,1.80138,1.28,1.28
2011.05.12 11:01:44.409,1.80081,1.80133,1.35,1.88
2011.05.12 11:01:44.852,1.80091,1.80137,1.28,1.88
2011.05.12 11:01:45.291,1.80111,1.80155,1.28,1.28
2011.05.12 11:01:46.271,1.80107,1.80161,1.28,1.88
2011.05.12 11:01:46.598,1.80099,1.80143,1.28,1.28
2011.05.12 11:01:47.579,1.80093,1.80139,1.28,1.28
2011.05.12 11:01:47.799,1.80092,1.80136,1.28,1.28
2011.05.12 11:01:48.249,1.80092,1.80136,1.88,1.28
2011.05.12 11:01:48.360,1.80099,1.80154,1.28,1.88
2011.05.12 11:01:50.319,1.80099,1.80154,1.88,1.28
2011.05.12 11:01:50.429,1.80106,1.80162,1.28,1.88
2011.05.12 11:01:50.950,1.80107,1.80164,1.28,1.88
2011.05.12 11:01:51.168,1.80106,1.80162,1.28,1.88
2011.05.12 11:01:51.502,1.80099,1.80143,1.28,1.28
2011.05.12 11:01:54.928,1.80097,1.80141,1.28,1.28
2011.05.12 11:01:55.368,1.80095,1.80141,1.28,1.28
2011.05.12 11:01:55.478,1.80093,1.80139,1.28,1.28
2011.05.12 11:01:55.808,1.80091,1.80137,1.28,1.28
2011.05.12 11:01:56.722,1.80099,1.80154,1.88,1.88
2011.05.12 11:01:57.520,1.80099,1.80154,1.28,1.28
2011.05.12 11:01:57.960,1.80102,1.8016,1.28,1.88
2011.05.12 11:01:59.019,1.80098,1.80155,1.28,1.88
2011.05.12 11:01:59.239,1.80098,1.80154,1.28,2.10
2011.05.12 11:01:59.614,1.80098,1.80152,1.28,1.20
2011.05.12 11:01:59.720,1.80093,1.80147,1.28,1.28
2011.05.12 11:02:00.159,1.80092,1.80141,1.28,2.10
2011.05.12 11:02:00.380,1.80073,1.80117,2.03,1.28
2011.05.12 11:02:00.599,1.80079,1.80125,1.28,1.28
2011.05.12 11:02:01.121,1.80081,1.80127,1.28,1.88
2011.05.12 11:02:01.451,1.80073,1.80119,1.35,1.28
2011.05.12 11:02:01.778,1.80092,1.80136,1.88,1.28
2011.05.12 11:02:02.108,1.80087,1.80141,1.88,1.28
2011.05.12 11:02:02.219,1.8009,1.80145,1.28,3.38
2011.05.12 11:02:02.439,1.80087,1.80143,1.28,1.88
2011.05.12 11:02:03.210,1.8008,1.80134,1.28,2.10
2011.05.12 11:02:03.748,1.80078,1.80134,1.28,3.38
2011.05.12 11:02:03.862,1.8008,1.80134,1.28,2.10
2011.05.12 11:02:04.411,1.80079,1.80133,1.28,1.88
2011.05.12 11:02:05.880,1.8008,1.80134,1.28,2.10
2011.05.12 11:02:05.990,1.8008,1.80135,1.88,1.28
2011.05.12 11:02:06.208,1.80089,1.80143,1.28,1.88
2011.05.12 11:02:06.649,1.80082,1.80143,1.88,1.88
2011.05.12 11:02:07.198,1.80092,1.80146,1.28,3.75
2011.05.12 11:02:07.748,1.80093,1.80146,1.28,2.48
2011.05.12 11:02:08.386,1.80084,1.80146,1.88,3.75
2011.05.12 11:02:09.921,1.80086,1.80147,1.28,2.25
2011.05.12 11:02:10.369,1.80093,1.80149,1.28,1.35
2011.05.12 11:02:11.051,1.80094,1.80149,1.28,1.35
2011.05.12 11:02:11.569,1.80094,1.8015,1.28,1.35
2011.05.12 11:02:14.372,1.80094,1.80151,1.88,1.28
2011.05.12 11:02:14.481,1.80107,1.80161,1.28,1.88
2011.05.12 11:02:14.591,1.80099,1.80143,1.28,1.28
2011.05.12 11:02:14.701,1.80099,1.80143,1.28,1.88
2011.05.12 11:02:14.808,1.80083,1.80139,2.25,1.88
2011.05.12 11:02:14.919,1.80083,1.80138,1.65,2.10
2011.05.12 11:02:15.248,1.80085,1.80138,1.28,2.10
2011.05.12 11:02:16.459,1.80088,1.80138,1.28,2.10
2011.05.12 11:02:19.001,1.80085,1.80138,1.28,2.10
2011.05.12 11:02:19.219,1.80089,1.80138,1.28,2.10
2011.05.12 11:02:19.328,1.80087,1.80138,1.28,2.10
2011.05.12 11:02:19.848,1.80086,1.80138,1.28,2.10
2011.05.12 11:02:19.958,1.80089,1.80138,1.28,2.10
2011.05.12 11:02:20.509,1.80086,1.80138,1.28,2.10
2011.05.12 11:02:20.619,1.80087,1.80149,1.88,2.10
2011.05.12 11:02:20.729,1.80089,1.80151,1.28,1.88
2011.05.12 11:02:25.300,1.80089,1.80143,1.28,1.28
2011.05.12 11:02:26.939,1.80088,1.80154,1.28,2.63
2011.05.12 11:02:28.028,1.80091,1.80152,1.20,1.88
2011.05.12 11:02:28.980,1.80088,1.80154,1.28,1.35
2011.05.12 11:02:29.088,1.8009,1.80154,1.28,2.63
2011.05.12 11:02:30.059,1.80089,1.80154,1.28,2.63
2011.05.12 11:02:30.648,1.8009,1.80153,1.28,1.88
2011.05.12 11:02:31.670,1.80092,1.80154,1.28,2.63
2011.05.12 11:02:32.219,1.80093,1.80154,1.28,2.63
2011.05.12 11:02:33.152,1.80094,1.80153,1.28,1.88
2011.05.12 11:02:34.499,1.80121,1.80169,1.28,2.03
2011.05.12 11:02:34.829,1.80121,1.80155,1.28,2.10
2011.05.12 11:02:34.940,1.80099,1.80154,1.80,1.88
2011.05.12 11:02:37.160,1.8012,1.80153,1.28,1.35
2011.05.12 11:02:37.269,1.8012,1.8017,1.28,2.03
2011.05.12 11:02:37.379,1.80101,1.80172,1.80,1.35
2011.05.12 11:02:38.019,1.80101,1.80172,1.80,1.35
2011.05.12 11:02:38.132,1.80108,1.80158,1.88,1.28
2011.05.12 11:02:38.458,1.80116,1.80172,1.28,1.35
2011.05.12 11:02:38.789,1.80116,1.80176,1.88,2.03
2011.05.12 11:02:39.669,1.80116,1.80177,1.88,2.03
2011.05.12 11:02:39.780,1.80116,1.80165,1.28,1.35
2011.05.12 11:02:39.889,1.80107,1.80153,1.28,1.28
2011.05.12 11:02:40.109,1.80109,1.80158,1.28,1.28
2011.05.12 11:02:41.420,1.80104,1.80154,1.28,1.28
2011.05.12 11:02:41.530,1.80104,1.80153,1.88,1.28
2011.05.12 11:02:41.859,1.80103,1.80151,1.88,1.28
2011.05.12 11:02:43.390,1.80106,1.80162,3.38,1.65
2011.05.12 11:02:43.499,1.80106,1.80162,1.88,2.25
2011.05.12 11:02:43.720,1.80106,1.80162,1.28,1.65
2011.05.12 11:02:43.828,1.80111,1.80165,1.28,1.35
2011.05.12 11:02:43.937,1.80109,1.80164,1.28,2.25
2011.05.12 11:02:44.267,1.80107,1.80164,1.28,2.25
2011.05.12 11:02:44.927,1.80107,1.80164,1.28,2.63
2011.05.12 11:02:45.039,1.80107,1.80164,1.28,1.88
2011.05.12 11:02:45.148,1.8011,1.80171,1.28,3.08
2011.05.12 11:02:45.938,1.80109,1.80164,1.28,1.88
2011.05.12 11:02:47.689,1.8011,1.8017,1.28,1.88
2011.05.12 11:02:48.568,1.80111,1.8017,1.28,1.88
2011.05.12 11:02:50.538,1.8011,1.80173,1.28,3.00
2011.05.12 11:02:51.724,1.80111,1.80171,1.28,1.88
2011.05.12 11:02:52.058,1.80109,1.80164,1.28,1.88
2011.05.12 11:02:54.000,1.80109,1.80164,1.88,1.28
2011.05.12 11:02:54.110,1.80111,1.8017,1.88,1.28
2011.05.12 11:02:54.219,1.80111,1.80175,1.88,1.65
2011.05.12 11:02:55.109,1.8011,1.80166,1.88,1.28
2011.05.12 11:02:55.328,1.80111,1.80175,1.88,1.65
2011.05.12 11:02:55.549,1.8011,1.80166,1.88,1.28
2011.05.12 11:02:56.839,1.80108,1.80165,1.88,1.28
2011.05.12 11:03:00.389,1.80108,1.80165,1.28,1.88
2011.05.12 11:03:00.718,1.80108,1.80163,1.28,1.35
2011.05.12 11:03:00.831,1.80094,1.80151,1.88,1.28
2011.05.12 11:03:01.049,1.80094,1.80151,1.28,1.88
2011.05.12 11:03:01.268,1.80088,1.80141,1.58,1.28
2011.05.12 11:03:01.491,1.80089,1.80147,1.65,1.88
2011.05.12 11:03:02.608,1.8009,1.80151,1.28,1.88
2011.05.12 11:03:03.369,1.80091,1.80151,1.28,1.88
2011.05.12 11:03:03.590,1.80091,1.80151,1.88,1.28
2011.05.12 11:03:03.699,1.80097,1.80161,1.88,1.28
2011.05.12 11:03:04.139,1.80098,1.80158,1.88,1.28
2011.05.12 11:03:05.960,1.80099,1.80156,1.88,1.28
2011.05.12 11:03:07.248,1.80095,1.8015,1.88,1.28
2011.05.12 11:03:08.559,1.80096,1.80152,1.88,1.28
2011.05.12 11:03:08.918,1.80093,1.80148,1.88,1.28
2011.05.12 11:03:09.029,1.80093,1.80148,1.28,1.28
2011.05.12 11:03:09.140,1.80089,1.80147,1.88,1.28
2011.05.12 11:03:09.359,1.80092,1.80148,1.88,1.28
2011.05.12 11:03:09.578,1.80093,1.80168,1.88,1.35
2011.05.12 11:03:09.799,1.80116,1.8017,1.28,3.23
2011.05.12 11:03:10.129,1.80131,1.80173,1.28,1.35
2011.05.12 11:03:10.680,1.80131,1.80175,1.88,2.03
2011.05.12 11:03:11.231,1.80131,1.80174,1.28,1.35
2011.05.12 11:03:11.572,1.80134,1.80174,1.28,1.35
2011.05.12 11:03:11.788,1.80136,1.80185,1.28,2.10
2011.05.12 11:03:13.133,1.80136,1.80186,1.28,1.88
2011.05.12 11:03:13.349,1.80138,1.80185,1.28,1.88
2011.05.12 11:03:13.458,1.80135,1.80181,1.28,1.28
2011.05.12 11:03:16.359,1.80139,1.80187,1.28,1.88
2011.05.12 11:03:20.810,1.8014,1.80187,1.28,1.88
2011.05.12 11:03:21.139,1.80144,1.80188,1.28,1.88
2011.05.12 11:03:25.470,1.80142,1.80188,1.28,1.88
2011.05.12 11:03:31.809,1.80144,1.80188,1.28,1.88
2011.05.12 11:03:33.598,1.80144,1.8019,1.88,1.28
2011.05.12 11:03:33.710,1.80146,1.80192,1.28,1.88
2011.05.12 11:03:33.931,1.80132,1.80185,1.28,2.10
2011.05.12 11:03:34.041,1.80116,1.80185,2.48,2.10
2011.05.12 11:03:34.152,1.80112,1.80186,1.35,1.28
2011.05.12 11:03:34.260,1.80113,1.80194,2.25,1.88
2011.05.12 11:03:34.370,1.80127,1.80179,1.28,1.28
2011.05.12 11:03:34.589,1.80113,1.80194,2.25,1.88
2011.05.12 11:03:35.300,1.80112,1.80187,1.35,1.20
2011.05.12 11:03:35.410,1.80112,1.80192,1.35,1.20
2011.05.12 11:03:36.359,1.80126,1.80176,1.28,1.28
2011.05.12 11:03:36.578,1.80112,1.80171,1.35,1.28
2011.05.12 11:03:36.799,1.80112,1.80193,1.35,2.85
2011.05.12 11:03:37.709,1.80112,1.80192,1.35,1.80
2011.05.12 11:03:38.298,1.80111,1.80192,1.88,2.18
2011.05.12 11:03:38.628,1.80125,1.80177,1.28,1.28
2011.05.12 11:03:38.739,1.80112,1.80193,1.80,1.73
2011.05.12 11:03:39.069,1.80109,1.80153,1.80,1.28
2011.05.12 11:03:39.619,1.80103,1.80152,2.25,1.28
2011.05.12 11:03:39.839,1.8011,1.80156,1.88,1.28
2011.05.12 11:03:40.278,1.80112,1.80156,1.28,1.28
2011.05.12 11:03:41.673,1.80125,1.80169,1.28,1.28
2011.05.12 11:03:41.784,1.80125,1.80171,1.28,1.28
2011.05.12 11:03:42.011,1.80129,1.8018,1.88,1.28
2011.05.12 11:03:42.671,1.80128,1.80179,1.88,1.28
2011.05.12 11:03:42.999,1.80125,1.80171,3.38,1.28
2011.05.12 11:03:48.500,1.80125,1.80171,1.88,1.28
2011.05.12 11:03:52.888,1.80121,1.80167,1.88,1.28
2011.05.12 11:03:58.429,1.80118,1.80164,1.88,1.28
2011.05.12 11:04:00.740,1.80117,1.80163,1.88,1.28
2011.05.12 11:04:02.049,1.80131,1.80163,2.10,1.28
2011.05.12 11:04:02.422,1.80143,1.80174,2.10,1.28
2011.05.12 11:04:02.749,1.80136,1.80188,1.88,1.35
2011.05.12 11:04:02.970,1.80136,1.80192,1.88,2.03
2011.05.12 11:04:03.079,1.80128,1.80174,1.88,1.28
2011.05.12 11:04:06.119,1.80124,1.8017,3.38,1.28
2011.05.12 11:04:06.342,1.80124,1.8017,1.88,1.28
2011.05.12 11:04:06.450,1.80124,1.80168,1.88,1.28
2011.05.12 11:04:06.560,1.80117,1.80178,1.88,1.88
2011.05.12 11:04:07.329,1.80123,1.80178,2.10,1.28
2011.05.12 11:04:07.549,1.80118,1.80178,1.88,1.28
2011.05.12 11:04:08.209,1.80118,1.80177,1.88,1.28
2011.05.12 11:04:10.691,1.80117,1.80176,1.88,1.28
2011.05.12 11:04:11.349,1.80115,1.80175,1.88,1.28
2011.05.12 11:04:14.358,1.80114,1.80168,1.88,1.28
2011.05.12 11:04:15.890,1.80124,1.80178,1.28,1.28
2011.05.12 11:04:15.999,1.80115,1.80169,1.88,1.28
2011.05.12 11:04:16.220,1.80117,1.80175,1.88,1.28
2011.05.12 11:04:16.770,1.80116,1.80174,1.88,1.28
2011.05.12 11:04:17.323,1.80124,1.80181,1.28,1.28
2011.05.12 11:04:17.429,1.80126,1.80181,1.28,1.28
2011.05.12 11:04:17.759,1.80119,1.80179,1.88,1.28
2011.05.12 11:04:19.000,1.80117,1.80177,1.88,1.28
2011.05.12 11:04:20.208,1.80114,1.8017,1.88,1.28
2011.05.12 11:04:20.828,1.80113,1.80169,1.88,1.28
2011.05.12 11:04:23.089,1.80117,1.8017,1.35,1.28
2011.05.12 11:04:23.202,1.80118,1.80177,1.88,1.28
2011.05.12 11:04:23.310,1.80119,1.80181,1.88,1.20
2011.05.12 11:04:23.840,1.80105,1.80178,2.10,1.28
2011.05.12 11:04:24.168,1.80097,1.80155,2.55,1.28
2011.05.12 11:04:24.499,1.80088,1.80116,1.20,1.28
2011.05.12 11:04:24.609,1.80076,1.80116,1.20,1.28
2011.05.12 11:04:25.159,1.80077,1.80117,1.20,1.28
2011.05.12 11:04:26.079,1.8008,1.80117,1.20,1.28
2011.05.12 11:04:26.191,1.80078,1.80117,1.20,1.28
2011.05.12 11:04:26.299,1.80078,1.80107,1.20,1.28
2011.05.12 11:04:26.519,1.80075,1.80107,1.20,1.28
2011.05.12 11:04:26.628,1.80068,1.80107,1.80,1.28
2011.05.12 11:04:26.849,1.8008,1.80107,1.20,1.28
2011.05.12 11:04:26.959,1.8008,1.80118,1.80,1.28
2011.05.12 11:04:28.302,1.80076,1.80113,3.30,1.28
2011.05.12 11:04:29.889,1.80076,1.80113,1.80,1.28
2011.05.12 11:04:34.690,1.80077,1.80113,1.80,1.28
2011.05.12 11:04:34.910,1.80077,1.80117,1.80,1.28
2011.05.12 11:04:35.240,1.80085,1.80117,2.10,1.28
2011.05.12 11:04:35.350,1.80085,1.80129,2.10,1.28
2011.05.12 11:04:35.759,1.80085,1.80126,2.10,1.28
2011.05.12 11:04:38.832,1.80088,1.80136,1.88,1.28
2011.05.12 11:04:39.269,1.80094,1.80139,1.80,1.28
2011.05.12 11:04:39.379,1.80098,1.80136,1.20,1.28
2011.05.12 11:04:39.710,1.80095,1.8013,1.20,1.28
2011.05.12 11:04:40.041,1.80092,1.80127,1.80,1.28
2011.05.12 11:04:40.369,1.80099,1.80142,2.10,1.28
2011.05.12 11:04:42.731,1.80106,1.80144,1.80,1.28
2011.05.12 11:04:43.294,1.80113,1.80144,2.10,1.28
2011.05.12 11:04:43.510,1.80113,1.80157,3.38,1.28
2011.05.12 11:04:45.060,1.80128,1.80157,2.10,1.28
2011.05.12 11:04:45.169,1.80128,1.80164,2.10,1.28
2011.05.12 11:04:45.280,1.80128,1.8016,2.10,1.28
2011.05.12 11:04:45.609,1.80128,1.80158,2.10,1.28
2011.05.12 11:04:45.828,1.80119,1.80158,3.30,1.28
2011.05.12 11:04:46.633,1.80119,1.80161,3.30,1.28
2011.05.12 11:04:46.741,1.80119,1.80161,1.20,1.88
2011.05.12 11:04:47.374,1.80123,1.80167,1.88,1.28
2011.05.12 11:04:47.919,1.8013,1.80168,1.20,1.28
2011.05.12 11:04:49.320,1.80128,1.80168,1.80,1.28
2011.05.12 11:04:49.540,1.80124,1.80166,1.80,1.28
2011.05.12 11:04:49.869,1.80122,1.80164,1.80,1.28
2011.05.12 11:04:49.979,1.80122,1.80167,1.80,1.28
2011.05.12 11:04:50.198,1.80122,1.80164,1.80,1.28
2011.05.12 11:04:51.371,1.80105,1.80147,2.10,1.28
2011.05.12 11:04:52.012,1.80105,1.80144,2.10,1.28
2011.05.12 11:04:52.339,1.80117,1.80144,1.20,1.28
2011.05.12 11:04:52.449,1.80117,1.80155,1.20,1.28
2011.05.12 11:04:52.558,1.80121,1.80155,2.10,1.28
2011.05.12 11:04:53.010,1.80121,1.80163,2.10,1.28
2011.05.12 11:04:53.119,1.80121,1.80161,2.10,1.28
2011.05.12 11:04:53.448,1.80121,1.80157,2.10,1.28
2011.05.12 11:04:53.670,1.80121,1.80163,2.10,1.28
2011.05.12 11:04:54.223,1.80121,1.8016,2.10,1.28
2011.05.12 11:04:54.549,1.80121,1.80156,2.10,1.28
2011.05.12 11:04:55.281,1.80121,1.80155,2.10,1.28
2011.05.12 11:04:57.390,1.80121,1.80154,2.10,1.28
2011.05.12 11:04:58.710,1.80112,1.80154,3.30,1.28
2011.05.12 11:04:58.818,1.80112,1.80146,3.30,1.28
2011.05.12 11:04:59.259,1.80112,1.80144,2.10,1.28
2011.05.12 11:04:59.589,1.80112,1.80142,2.10,1.28
2011.05.12 11:04:59.920,1.80102,1.80139,1.80,1.28
2011.05.12 11:05:00.143,1.80101,1.80137,1.80,1.28
2011.05.12 11:05:01.002,1.80101,1.80139,3.00,1.28
2011.05.12 11:05:01.101,1.80101,1.80137,1.80,1.28
2011.05.12 11:05:01.650,1.80099,1.80136,2.10,1.28
2011.05.12 11:05:02.283,1.80099,1.8014,2.10,1.28
2011.05.12 11:05:02.609,1.80099,1.80138,2.10,1.28
2011.05.12 11:05:02.940,1.80099,1.80132,2.10,1.28
2011.05.12 11:05:03.049,1.80092,1.8013,1.80,1.28
2011.05.12 11:05:03.492,1.80101,1.80138,2.10,1.28
2011.05.12 11:05:03.601,1.80101,1.8014,2.10,1.28
2011.05.12 11:05:03.930,1.80101,1.80136,2.10,1.28
2011.05.12 11:05:04.259,1.80101,1.80134,2.10,1.28
2011.05.12 11:05:04.809,1.80101,1.80132,2.10,1.28
2011.05.12 11:05:05.568,1.80093,1.80132,1.80,1.28
2011.05.12 11:05:06.100,1.80101,1.80137,3.30,1.28
2011.05.12 11:05:06.318,1.80101,1.8014,3.30,1.28
2011.05.12 11:05:07.879,1.80109,1.8014,2.10,1.28
2011.05.12 11:05:07.990,1.80109,1.80154,2.10,1.28
2011.05.12 11:05:08.321,1.80117,1.8016,1.80,1.28
2011.05.12 11:05:08.430,1.80122,1.8016,2.10,1.28
2011.05.12 11:05:08.539,1.80119,1.80163,1.88,1.28
2011.05.12 11:05:08.650,1.80115,1.8016,1.80,1.28
2011.05.12 11:05:10.000,1.80117,1.80155,1.80,1.28
2011.05.12 11:05:10.112,1.80114,1.80155,1.80,1.28
2011.05.12 11:05:10.220,1.8011,1.80144,1.80,1.28
2011.05.12 11:05:10.550,1.8011,1.80141,1.80,1.28
2011.05.12 11:05:10.660,1.8011,1.8014,1.20,1.28
2011.05.12 11:05:10.879,1.80097,1.8014,1.80,1.28
2011.05.12 11:05:10.991,1.80097,1.80131,1.80,1.28
2011.05.12 11:05:11.320,1.80092,1.80129,1.80,1.28
2011.05.12 11:05:12.659,1.80092,1.80133,1.80,1.28
2011.05.12 11:05:13.011,1.80092,1.80136,1.80,1.28
2011.05.12 11:05:16.619,1.80093,1.80137,1.80,1.28
2011.05.12 11:05:17.259,1.80092,1.80135,1.80,1.28
2011.05.12 11:05:17.480,1.80092,1.80134,1.20,1.88
2011.05.12 11:05:17.590,1.8008,1.80123,1.80,1.28
2011.05.12 11:05:17.699,1.80082,1.80123,2.10,1.28
2011.05.12 11:05:17.920,1.80088,1.80134,1.88,1.28
2011.05.12 11:05:19.048,1.80088,1.80125,1.80,1.28
2011.05.12 11:05:19.468,1.80088,1.80133,1.80,1.28
2011.05.12 11:05:22.721,1.80083,1.80124,1.80,1.28
2011.05.12 11:05:23.049,1.80078,1.80122,1.80,1.28
2011.05.12 11:05:24.209,1.80088,1.80122,2.10,1.28
2011.05.12 11:05:24.320,1.80088,1.80138,2.10,1.28
2011.05.12 11:05:24.539,1.80107,1.80155,1.28,2.10
2011.05.12 11:05:24.759,1.80107,1.80161,1.28,1.28
2011.05.12 11:05:26.730,1.80109,1.8017,1.28,1.80
2011.05.12 11:05:27.059,1.80102,1.80153,1.28,1.88
2011.05.12 11:05:27.939,1.80101,1.80152,1.28,1.88
2011.05.12 11:05:28.489,1.80087,1.80145,1.80,1.88
2011.05.12 11:05:29.322,1.80085,1.80141,1.80,1.28
2011.05.12 11:05:30.529,1.80084,1.80141,1.88,1.28
2011.05.12 11:05:30.859,1.80079,1.80123,2.18,1.28
2011.05.12 11:05:32.569,1.80077,1.80122,1.58,1.28
2011.05.12 11:05:32.791,1.80075,1.8012,1.58,1.28
2011.05.12 11:05:33.012,1.8007,1.80119,1.80,1.28
2011.05.12 11:05:33.121,1.80066,1.80119,1.28,1.28
2011.05.12 11:05:33.230,1.80065,1.80108,1.20,1.28
2011.05.12 11:05:34.130,1.80063,1.80108,1.20,1.28
2011.05.12 11:05:34.639,1.8006,1.80108,1.20,1.28
2011.05.12 11:05:34.763,1.80062,1.80119,1.20,1.28
2011.05.12 11:05:34.870,1.80066,1.80119,1.20,1.28
2011.05.12 11:05:35.418,1.80071,1.80119,1.20,1.28
2011.05.12 11:05:35.750,1.80067,1.801,1.20,1.28
2011.05.12 11:05:35.859,1.80067,1.80111,1.20,1.28
2011.05.12 11:05:35.980,1.80067,1.80111,1.80,1.28
2011.05.12 11:05:36.200,1.8007,1.80119,1.80,1.28
2011.05.12 11:05:36.749,1.80067,1.80118,1.80,1.28
2011.05.12 11:05:38.209,1.80071,1.8012,1.20,1.28
2011.05.12 11:05:38.429,1.80069,1.80118,1.20,1.28
2011.05.12 11:05:38.759,1.80066,1.80109,1.20,1.28
2011.05.12 11:05:39.199,1.80069,1.8011,1.20,1.28
2011.05.12 11:05:39.903,1.80071,1.80119,1.20,1.28
2011.05.12 11:05:40.230,1.80068,1.80109,1.20,1.28
2011.05.12 11:05:40.339,1.80065,1.80109,1.20,1.28
2011.05.12 11:05:40.587,1.80063,1.80109,2.48,1.28
2011.05.12 11:05:42.180,1.80056,1.80107,1.80,1.28
2011.05.12 11:05:42.289,1.8006,1.80099,1.20,1.28
2011.05.12 11:05:42.399,1.8006,1.80108,1.20,1.28
2011.05.12 11:05:42.839,1.80057,1.80107,1.28,1.28
2011.05.12 11:05:43.169,1.80061,1.80107,1.20,1.28
2011.05.12 11:05:43.499,1.80065,1.80107,2.10,1.28
2011.05.12 11:05:43.611,1.80065,1.80123,2.10,1.88
2011.05.12 11:05:44.049,1.80065,1.80114,2.10,1.28
2011.05.12 11:05:44.711,1.80065,1.80111,2.10,1.28
2011.05.12 11:05:44.828,1.80069,1.80117,2.10,1.28
2011.05.12 11:05:44.939,1.80076,1.80129,1.88,1.88
2011.05.12 11:05:45.271,1.80065,1.80116,1.88,1.28
2011.05.12 11:05:45.490,1.80064,1.80099,1.88,1.20
2011.05.12 11:05:45.711,1.80057,1.80105,2.10,2.40
2011.05.12 11:05:45.819,1.80057,1.80102,2.10,1.20
2011.05.12 11:05:47.372,1.8005,1.80109,1.88,1.28
2011.05.12 11:05:47.590,1.80072,1.80118,1.28,1.28
2011.05.12 11:05:47.920,1.80061,1.80105,1.88,1.28
2011.05.12 11:05:49.329,1.80062,1.80108,1.28,1.88
2011.05.12 11:05:49.770,1.80062,1.80108,1.88,1.28
2011.05.12 11:05:49.880,1.80067,1.80116,1.88,1.28
2011.05.12 11:05:50.470,1.80068,1.80115,1.88,1.28
2011.05.12 11:05:51.309,1.80068,1.80117,1.88,1.28
2011.05.12 11:05:51.749,1.80073,1.80119,1.28,1.28
2011.05.12 11:05:52.770,1.80075,1.80119,1.28,1.28
2011.05.12 11:05:54.989,1.80074,1.80118,1.28,1.28
2011.05.12 11:05:55.651,1.80075,1.80119,1.28,1.28
2011.05.12 11:05:56.119,1.80077,1.8013,1.28,1.88
2011.05.12 11:05:56.669,1.80076,1.80128,1.28,1.88
2011.05.12 11:05:56.999,1.80074,1.8012,1.28,1.88
2011.05.12 11:05:59.648,1.80075,1.80119,1.28,1.28
2011.05.12 11:06:00.822,1.80073,1.80119,1.28,1.28
2011.05.12 11:06:05.220,1.80073,1.80119,1.28,1.88
2011.05.12 11:06:05.550,1.80066,1.8011,1.28,1.88
2011.05.12 11:06:05.660,1.80061,1.80105,1.28,1.28
2011.05.12 11:06:05.881,1.80055,1.80104,1.80,1.28
2011.05.12 11:06:05.989,1.80058,1.80103,1.20,1.88
2011.05.12 11:06:06.210,1.80057,1.80118,1.88,2.10
2011.05.12 11:06:06.804,1.80076,1.80118,1.28,2.10
2011.05.12 11:06:06.923,1.80084,1.80131,1.28,1.88
2011.05.12 11:06:07.139,1.80087,1.80131,1.28,1.88
2011.05.12 11:06:07.779,1.80091,1.80138,1.28,1.88
2011.05.12 11:06:07.890,1.80091,1.80138,1.28,1.28
2011.05.12 11:06:08.109,1.80088,1.80132,1.28,1.28
2011.05.12 11:06:10.070,1.8009,1.80136,1.28,1.28
2011.05.12 11:06:10.179,1.80084,1.80131,1.28,1.28
2011.05.12 11:06:10.599,1.80084,1.80131,1.28,1.88
2011.05.12 11:06:11.335,1.80069,1.80125,1.88,1.28
2011.05.12 11:06:11.809,1.80069,1.80123,1.88,1.28
2011.05.12 11:06:12.139,1.80073,1.80119,1.28,1.88
2011.05.12 11:06:12.689,1.80074,1.80125,1.28,1.88
2011.05.12 11:06:13.239,1.80074,1.80125,1.88,1.28
2011.05.12 11:06:13.790,1.80075,1.80126,1.28,1.88
2011.05.12 11:06:14.229,1.80077,1.80125,1.28,1.88
2011.05.12 11:06:15.001,1.80077,1.80125,1.88,1.28
2011.05.12 11:06:15.109,1.80084,1.80128,1.28,1.88
2011.05.12 11:06:15.439,1.80066,1.80125,1.80,1.88
2011.05.12 11:06:22.761,1.80069,1.80122,2.10,1.28
2011.05.12 11:06:22.870,1.80073,1.80132,1.88,1.88
2011.05.12 11:06:23.469,1.80078,1.80132,2.10,1.28
2011.05.12 11:06:24.019,1.8008,1.80135,1.88,2.25
2011.05.12 11:06:25.310,1.8008,1.80135,1.88,2.25
2011.05.12 11:06:29.319,1.8008,1.80135,1.88,1.88
2011.05.12 11:06:38.601,1.80078,1.80134,1.88,1.88
2011.05.12 11:06:38.929,1.80071,1.80123,2.10,1.28
2011.05.12 11:06:39.480,1.80069,1.80123,1.88,1.28
2011.05.12 11:06:39.591,1.80083,1.80129,1.28,1.28
2011.05.12 11:06:41.570,1.80076,1.80127,1.88,1.28
2011.05.12 11:06:42.201,1.80083,1.80128,1.80,1.28
2011.05.12 11:06:43.440,1.80094,1.80128,2.10,1.28
2011.05.12 11:06:43.770,1.80094,1.80136,2.10,1.28
2011.05.12 11:06:44.319,1.80094,1.80137,2.10,1.28
2011.05.12 11:06:44.540,1.80089,1.80137,1.88,1.28
2011.05.12 11:06:44.761,1.80089,1.80137,1.28,1.88
2011.05.12 11:06:45.530,1.80074,1.80132,4.58,1.28
2011.05.12 11:06:47.679,1.80073,1.80132,3.08,1.28
2011.05.12 11:06:47.790,1.80078,1.80126,1.80,1.28
2011.05.12 11:06:48.119,1.80084,1.80131,1.28,1.28
2011.05.12 11:06:48.231,1.80076,1.80128,1.88,1.28
2011.05.12 11:06:48.449,1.80084,1.80131,1.28,1.88
2011.05.12 11:06:48.920,1.80084,1.80129,1.28,2.10
2011.05.12 11:06:49.029,1.80074,1.80118,1.88,1.28
2011.05.12 11:06:49.139,1.80076,1.80129,1.88,1.88
2011.05.12 11:06:49.469,1.80072,1.80126,1.88,1.28
2011.05.12 11:06:51.249,1.8008,1.80126,2.10,1.28
2011.05.12 11:06:52.310,1.8008,1.80125,3.30,1.28
2011.05.12 11:06:52.522,1.8012,1.80164,1.28,1.88
2011.05.12 11:06:52.849,1.80107,1.80151,1.88,1.28
2011.05.12 11:06:53.179,1.80107,1.80151,1.28,1.88
2011.05.12 11:06:53.399,1.80099,1.80146,2.55,1.28
2011.05.12 11:06:57.109,1.80097,1.80146,1.95,1.28
2011.05.12 11:06:57.441,1.80085,1.80133,1.20,1.28
2011.05.12 11:06:58.267,1.80084,1.80132,1.20,1.28
2011.05.12 11:06:58.363,1.80091,1.80142,1.20,1.28
2011.05.12 11:06:59.029,1.80095,1.80142,1.20,1.28
2011.05.12 11:06:59.249,1.80088,1.80142,1.20,1.28
2011.05.12 11:07:00.579,1.80083,1.80142,2.48,1.28
2011.05.12 11:07:00.801,1.80084,1.80142,1.20,1.88
2011.05.12 11:07:01.130,1.8008,1.80124,1.20,1.28
2011.05.12 11:07:01.241,1.80078,1.80126,1.20,1.28
2011.05.12 11:07:01.460,1.80074,1.80127,1.20,1.28
2011.05.12 11:07:01.569,1.80077,1.80125,1.20,1.28
2011.05.12 11:07:01.789,1.80074,1.80126,1.20,1.28
2011.05.12 11:07:02.681,1.80076,1.80124,1.20,1.28
2011.05.12 11:07:03.922,1.80072,1.80124,1.20,1.28
2011.05.12 11:07:04.142,1.80071,1.80122,1.20,1.88
2011.05.12 11:07:04.250,1.80069,1.80122,1.20,1.88
2011.05.12 11:07:04.360,1.8007,1.80114,1.28,1.28
2011.05.12 11:07:04.909,1.8007,1.80125,1.88,1.28
2011.05.12 11:07:05.022,1.80078,1.8014,1.88,1.28
2011.05.12 11:07:05.570,1.80098,1.8016,1.35,1.28
2011.05.12 11:07:06.159,1.80097,1.80159,1.35,1.28
2011.05.12 11:07:06.269,1.80097,1.80164,1.35,1.88
2011.05.12 11:07:06.379,1.80097,1.80159,1.35,1.28
2011.05.12 11:07:07.121,1.8009,1.8016,1.95,1.88
2011.05.12 11:07:08.439,1.80085,1.80159,1.95,1.88
2011.05.12 11:07:09.979,1.80085,1.8016,1.20,1.88
2011.05.12 11:07:11.830,1.80082,1.80155,1.58,1.88
2011.05.12 11:07:13.330,1.80088,1.80159,1.80,1.28
2011.05.12 11:07:14.160,1.80086,1.8016,1.80,1.28
2011.05.12 11:07:15.369,1.80084,1.80156,1.80,1.28
2011.05.12 11:07:15.698,1.8008,1.80153,2.18,1.28
2011.05.12 11:07:16.391,1.8008,1.80154,2.18,1.28
2011.05.12 11:07:20.130,1.80081,1.8016,2.18,1.28
2011.05.12 11:07:23.509,1.80086,1.80154,1.80,1.28
2011.05.12 11:07:24.090,1.80083,1.80153,1.80,1.28
2011.05.12 11:07:25.441,1.80092,1.80165,1.20,1.65
2011.05.12 11:07:25.661,1.80094,1.80169,1.28,1.35
2011.05.12 11:07:26.325,1.80094,1.80162,2.03,1.20
2011.05.12 11:07:26.659,1.80095,1.8016,2.03,1.20
2011.05.12 11:07:26.772,1.80096,1.80169,1.95,1.35
2011.05.12 11:07:26.989,1.80103,1.80169,1.20,1.35
2011.05.12 11:07:28.459,1.801,1.80169,1.20,2.63
2011.05.12 11:07:28.679,1.80102,1.80169,1.20,2.63
2011.05.12 11:07:29.252,1.80111,1.80125,1.20,1.28
2011.05.12 11:07:29.581,1.80093,1.80153,2.48,1.28
2011.05.12 11:07:30.116,1.80087,1.8013,1.20,1.28
2011.05.12 11:07:30.234,1.80076,1.8013,1.35,1.28
2011.05.12 11:07:30.781,1.80079,1.80131,1.20,1.28
2011.05.12 11:07:30.891,1.80079,1.80133,1.20,1.28
2011.05.12 11:07:31.111,1.80079,1.80136,1.28,1.28
2011.05.12 11:07:33.562,1.80081,1.80136,1.28,1.28
2011.05.12 11:07:34.202,1.80093,1.8015,1.88,1.65
2011.05.12 11:07:34.420,1.80096,1.80155,1.28,2.03
2011.05.12 11:07:34.969,1.80097,1.80153,1.28,1.65
2011.05.12 11:07:35.539,1.80095,1.80151,1.28,1.65
2011.05.12 11:07:36.112,1.80094,1.80151,1.28,1.65
2011.05.12 11:07:36.439,1.80093,1.80147,1.80,1.28
2011.05.12 11:07:36.880,1.80094,1.80151,1.28,1.65
2011.05.12 11:07:39.025,1.80092,1.80141,1.20,1.28
2011.05.12 11:07:39.239,1.8009,1.80141,1.20,1.28
2011.05.12 11:07:39.569,1.80087,1.80141,1.20,1.28
2011.05.12 11:07:39.680,1.80084,1.80141,1.88,1.28
2011.05.12 11:07:42.261,1.80086,1.80141,1.20,1.28
2011.05.12 11:07:43.711,1.80082,1.80136,1.80,1.28
2011.05.12 11:07:44.813,1.80081,1.80136,1.28,1.88
2011.05.12 11:07:44.934,1.80077,1.80131,1.20,1.28
2011.05.12 11:07:45.152,1.80075,1.80133,1.20,1.28
2011.05.12 11:07:45.795,1.80075,1.80132,1.20,1.28
2011.05.12 11:07:48.250,1.80075,1.80133,1.20,1.28
2011.05.12 11:07:48.840,1.80075,1.80132,1.20,1.28
2011.05.12 11:07:49.390,1.80075,1.80134,1.20,1.28
2011.05.12 11:07:50.039,1.80075,1.80133,1.20,1.28
2011.05.12 11:07:51.069,1.80073,1.80131,1.20,1.28
2011.05.12 11:07:55.110,1.80073,1.80129,1.20,1.28
2011.05.12 11:07:57.532,1.80067,1.80122,1.80,1.28
2011.05.12 11:08:00.529,1.8007,1.80129,1.88,1.28
2011.05.12 11:08:01.081,1.80076,1.80131,1.28,1.28
2011.05.12 11:08:02.279,1.80082,1.80136,1.20,2.25
2011.05.12 11:08:02.720,1.80079,1.80133,2.48,1.28
2011.05.12 11:08:02.830,1.80082,1.80133,1.20,1.28
2011.05.12 11:08:02.940,1.80082,1.80137,1.20,1.88
2011.05.12 11:08:05.030,1.80081,1.80137,1.20,1.88
2011.05.12 11:08:05.360,1.80079,1.80133,1.20,1.28
2011.05.12 11:08:05.689,1.80079,1.80131,1.20,1.28
2011.05.12 11:08:06.020,1.80076,1.8013,1.20,1.28
2011.05.12 11:08:08.833,1.80077,1.80133,1.28,1.28
2011.05.12 11:08:08.940,1.80076,1.80129,1.20,1.28
2011.05.12 11:08:10.539,1.80071,1.80129,1.80,1.28
2011.05.12 11:08:10.649,1.80075,1.80129,1.20,1.28
2011.05.12 11:08:12.819,1.80075,1.80127,1.20,1.28
2011.05.12 11:08:13.039,1.80072,1.80127,1.20,1.28
2011.05.12 11:08:13.261,1.80075,1.80126,1.20,1.28
2011.05.12 11:08:13.588,1.80075,1.80124,1.20,1.28
2011.05.12 11:08:13.699,1.80073,1.80124,1.20,1.28
2011.05.12 11:08:14.831,1.80073,1.80122,1.20,1.28
2011.05.12 11:08:14.941,1.80071,1.80122,1.80,1.28
2011.05.12 11:08:16.500,1.80071,1.80123,1.80,1.28
2011.05.12 11:08:16.939,1.80071,1.80132,1.80,1.28
2011.05.12 11:08:17.580,1.80076,1.80132,1.20,1.28
2011.05.12 11:08:18.070,1.80078,1.80134,1.28,1.65
2011.05.12 11:08:18.400,1.80073,1.80124,1.20,1.28
2011.05.12 11:08:18.730,1.80079,1.80124,1.20,1.28
2011.05.12 11:08:18.839,1.80079,1.80132,1.20,1.65
2011.05.12 11:08:20.489,1.80079,1.80133,1.20,1.65
2011.05.12 11:08:21.078,1.80079,1.80133,1.20,1.65
2011.05.12 11:08:21.409,1.80073,1.80133,2.48,1.65
2011.05.12 11:08:21.518,1.80073,1.80126,1.20,1.28
2011.05.12 11:08:24.219,1.80073,1.80124,1.20,1.28
2011.05.12 11:08:24.769,1.80072,1.80124,1.20,1.88
2011.05.12 11:08:25.099,1.80072,1.80096,1.20,1.28
2011.05.12 11:08:25.209,1.8005,1.80096,1.88,1.28
2011.05.12 11:08:30.829,1.80049,1.80094,2.10,1.28
2011.05.12 11:08:31.378,1.80049,1.80093,3.38,1.28
2011.05.12 11:08:31.770,1.80059,1.80093,2.10,1.28
2011.05.12 11:08:32.300,1.80059,1.80105,3.38,2.03
2011.05.12 11:08:34.299,1.8006,1.80104,1.88,2.03
2011.05.12 11:08:41.289,1.80068,1.80106,2.10,2.03
2011.05.12 11:08:41.403,1.80068,1.80114,2.10,1.28
2011.05.12 11:08:41.882,1.80068,1.80116,2.10,1.88
2011.05.12 11:08:48.679,1.8007,1.80117,1.28,2.25
2011.05.12 11:08:49.009,1.80061,1.80106,2.10,1.28
2011.05.12 11:08:49.650,1.80061,1.80105,2.10,1.28
2011.05.12 11:08:51.460,1.80059,1.80104,1.28,2.10
2011.05.12 11:08:51.570,1.80059,1.80105,1.88,1.88
2011.05.12 11:08:51.899,1.80056,1.80101,2.10,1.28
2011.05.12 11:08:54.619,1.80049,1.80101,1.88,1.88
2011.05.12 11:08:54.840,1.80048,1.80094,1.88,1.28
2011.05.12 11:08:57.502,1.80047,1.80092,2.10,1.28
2011.05.12 11:08:57.831,1.80047,1.8009,2.10,1.28
2011.05.12 11:08:59.969,1.80047,1.80091,3.38,1.28
2011.05.12 11:09:00.409,1.80048,1.80094,1.88,1.28
2011.05.12 11:09:00.959,1.80051,1.80095,1.88,1.28
2011.05.12 11:09:02.041,1.80056,1.80101,2.10,1.28
2011.05.12 11:09:02.260,1.80056,1.80103,2.10,1.28
2011.05.12 11:09:02.810,1.80056,1.80102,2.10,1.28
2011.05.12 11:09:03.422,1.80056,1.80103,2.10,1.28
2011.05.12 11:09:03.969,1.80056,1.80101,2.10,1.28
2011.05.12 11:09:05.669,1.80056,1.80103,2.10,1.28
2011.05.12 11:09:06.538,1.80056,1.80102,2.10,1.28
2011.05.12 11:09:06.759,1.8005,1.80102,1.88,1.88
2011.05.12 11:09:06.979,1.80048,1.80094,3.38,1.28
2011.05.12 11:09:09.576,1.80054,1.80092,2.10,1.28
2011.05.12 11:09:09.694,1.80054,1.80103,2.10,1.88
2011.05.12 11:09:22.031,1.8006,1.80103,2.10,1.28
2011.05.12 11:09:22.143,1.8006,1.80105,2.10,1.28
2011.05.12 11:09:22.253,1.80067,1.80105,2.10,1.28
2011.05.12 11:09:22.362,1.80067,1.80115,2.10,2.03
2011.05.12 11:09:22.911,1.80065,1.80124,2.10,2.03
2011.05.12 11:09:23.241,1.8007,1.80117,1.20,1.35
2011.05.12 11:09:23.351,1.80053,1.80106,1.88,1.28
2011.05.12 11:09:23.792,1.80046,1.80101,2.10,1.28
2011.05.12 11:09:24.011,1.80041,1.801,1.80,1.28
2011.05.12 11:09:24.873,1.80042,1.80101,1.80,1.28
2011.05.12 11:09:27.520,1.80042,1.801,1.80,1.28
2011.05.12 11:09:27.630,1.80053,1.80104,1.28,1.28
2011.05.12 11:09:27.960,1.80044,1.80099,1.80,1.28
2011.05.12 11:09:28.730,1.80047,1.80104,1.88,1.28
2011.05.12 11:09:28.844,1.80056,1.80113,1.88,2.03
2011.05.12 11:09:29.391,1.80064,1.80124,1.28,2.03
2011.05.12 11:09:29.960,1.80067,1.80124,1.20,2.03
2011.05.12 11:09:30.400,1.80066,1.80124,1.80,2.03
2011.05.12 11:09:30.839,1.80078,1.80124,1.20,2.03
2011.05.12 11:09:32.611,1.80077,1.80126,1.20,2.03
2011.05.12 11:09:32.831,1.80075,1.80124,1.80,2.03
2011.05.12 11:09:33.051,1.80077,1.80124,2.10,2.03
2011.05.12 11:09:33.160,1.80077,1.80124,2.10,1.28
2011.05.12 11:09:33.382,1.80086,1.80141,1.88,1.28
2011.05.12 11:09:34.053,1.80093,1.80151,1.20,2.03
2011.05.12 11:09:34.709,1.80095,1.80151,1.20,2.03
2011.05.12 11:09:36.089,1.80094,1.80148,1.20,1.65
2011.05.12 11:09:37.459,1.80092,1.80148,1.20,1.65
2011.05.12 11:09:38.067,1.80091,1.80148,1.80,1.65
2011.05.12 11:09:39.611,1.80091,1.80148,1.20,2.25
2011.05.12 11:09:39.940,1.80082,1.80126,1.20,1.28
2011.05.12 11:09:40.049,1.80076,1.80126,1.20,1.28
2011.05.12 11:09:40.639,1.80075,1.80126,1.20,1.28
2011.05.12 11:09:42.259,1.80075,1.80127,1.20,1.28
2011.05.12 11:09:42.589,1.80075,1.80138,1.20,2.25
2011.05.12 11:09:42.699,1.80077,1.80138,1.20,2.25
2011.05.12 11:09:43.249,1.80082,1.80138,1.20,2.25
2011.05.12 11:09:47.181,1.80081,1.80138,1.20,2.25
2011.05.12 11:09:47.290,1.80077,1.80138,1.20,2.25
2011.05.12 11:09:47.509,1.80077,1.80129,1.20,1.28
2011.05.12 11:09:50.877,1.80078,1.80137,1.28,1.88
2011.05.12 11:09:50.991,1.80082,1.80137,1.20,1.88
2011.05.12 11:09:56.229,1.80081,1.80135,1.20,1.88
2011.05.12 11:10:00.191,1.80075,1.80126,1.20,1.28
2011.05.12 11:10:06.128,1.80075,1.80128,1.20,1.28
2011.05.12 11:10:06.350,1.80077,1.80128,1.20,1.28
2011.05.12 11:10:07.040,1.80077,1.80127,1.20,1.28
2011.05.12 11:10:08.729,1.80077,1.80129,1.20,1.28
2011.05.12 11:10:10.388,1.80077,1.8013,1.20,1.28
2011.05.12 11:10:10.829,1.80078,1.80128,1.20,1.28
2011.05.12 11:10:12.211,1.80077,1.80128,1.20,1.28
2011.05.12 11:10:12.759,1.80078,1.80129,1.20,1.28
2011.05.12 11:10:12.979,1.80076,1.80129,1.20,1.28
2011.05.12 11:10:13.562,1.80077,1.80129,1.20,1.28
2011.05.12 11:10:14.530,1.80078,1.80129,1.20,1.28
2011.05.12 11:10:15.209,1.80076,1.80129,2.40,1.28
2011.05.12 11:10:16.811,1.80077,1.80129,1.20,1.28
2011.05.12 11:10:21.479,1.80077,1.8013,1.20,1.28
2011.05.12 11:10:26.491,1.80077,1.80129,1.20,1.28
2011.05.12 11:10:29.319,1.80078,1.80129,1.20,1.28
2011.05.12 11:10:30.005,1.80076,1.80129,1.20,1.28
2011.05.12 11:10:33.839,1.80078,1.80133,1.28,1.28
2011.05.12 11:10:34.389,1.80079,1.80135,2.48,1.88
2011.05.12 11:10:36.989,1.80081,1.80135,1.20,1.88
2011.05.12 11:10:37.579,1.80079,1.80135,2.48,1.88
2011.05.12 11:10:38.129,1.80078,1.80133,2.48,1.28
2011.05.12 11:10:38.569,1.8008,1.80133,1.20,1.28
2011.05.12 11:10:38.900,1.80081,1.8014,1.28,1.88
2011.05.12 11:10:39.011,1.80084,1.8014,1.20,1.28
2011.05.12 11:10:39.231,1.80085,1.80143,1.20,1.65
2011.05.12 11:10:40.369,1.80084,1.80141,1.20,1.28
2011.05.12 11:10:40.700,1.80079,1.80141,1.20,1.88
2011.05.12 11:10:41.032,1.80079,1.80131,1.80,1.28
2011.05.12 11:10:41.139,1.8008,1.80142,3.08,1.88
2011.05.12 11:10:42.148,1.80083,1.80153,1.20,2.10
2011.05.12 11:10:42.263,1.80088,1.80153,1.80,2.10
2011.05.12 11:10:42.822,1.80094,1.80153,1.20,2.10
2011.05.12 11:10:43.710,1.80092,1.80153,1.20,1.50
2011.05.12 11:10:43.929,1.80092,1.80144,1.20,1.28
2011.05.12 11:10:44.502,1.80092,1.80145,1.20,1.28
2011.05.12 11:10:44.829,1.80089,1.80145,1.20,1.28
2011.05.12 11:10:45.272,1.80093,1.80146,1.80,1.28
2011.05.12 11:10:45.380,1.80094,1.80148,1.80,1.65
2011.05.12 11:10:45.600,1.80094,1.80145,1.80,1.28
2011.05.12 11:10:47.721,1.80092,1.80147,3.08,1.28
2011.05.12 11:10:49.911,1.80104,1.80147,1.80,1.28
2011.05.12 11:10:50.131,1.80105,1.80157,1.80,1.65
2011.05.12 11:10:51.931,1.80096,1.80156,1.80,1.65
2011.05.12 11:10:52.479,1.80103,1.80159,3.08,2.03
2011.05.12 11:10:57.884,1.80112,1.80174,2.10,1.50
2011.05.12 11:10:57.992,1.80124,1.80181,1.88,1.28
2011.05.12 11:10:58.101,1.80128,1.8018,1.20,1.28
2011.05.12 11:10:58.430,1.80128,1.80185,1.28,1.28
2011.05.12 11:10:58.650,1.80128,1.80182,1.28,1.28
2011.05.12 11:10:58.760,1.80126,1.80182,1.88,1.28
2011.05.12 11:10:58.981,1.80119,1.80178,1.88,1.28
2011.05.12 11:10:59.091,1.80128,1.80182,1.28,1.28
2011.05.12 11:10:59.420,1.80129,1.80184,1.28,1.28
2011.05.12 11:11:02.471,1.8013,1.80184,1.20,1.28
2011.05.12 11:11:02.580,1.80134,1.80184,1.80,1.28
2011.05.12 11:11:02.799,1.80134,1.80195,1.80,2.03
2011.05.12 11:11:03.350,1.80132,1.80193,1.80,2.40
2011.05.12 11:11:07.050,1.80133,1.80191,1.20,2.25
2011.05.12 11:11:07.270,1.80131,1.80184,1.20,1.28
2011.05.12 11:11:07.819,1.8013,1.80184,1.20,1.28
2011.05.12 11:11:08.260,1.80128,1.80183,1.80,1.28
2011.05.12 11:11:09.260,1.80122,1.80177,1.80,1.28
2011.05.12 11:11:09.481,1.80124,1.80182,1.80,1.28
2011.05.12 11:11:09.700,1.80124,1.8018,1.80,1.28
2011.05.12 11:11:10.318,1.80121,1.80179,1.80,1.28
2011.05.12 11:11:10.914,1.80127,1.80181,1.88,1.28
2011.05.12 11:11:11.024,1.80125,1.80177,1.80,1.28
2011.05.12 11:11:11.580,1.8012,1.80176,1.80,1.28
2011.05.12 11:11:11.910,1.80122,1.80182,1.80,1.28
2011.05.12 11:11:12.020,1.80122,1.8018,1.80,1.28
2011.05.12 11:11:13.459,1.80122,1.80179,1.80,1.28
2011.05.12 11:11:15.739,1.8012,1.80178,1.80,1.28
2011.05.12 11:11:16.289,1.80122,1.8018,1.80,1.28
2011.05.12 11:11:16.860,1.80121,1.80178,1.80,1.28
2011.05.12 11:11:17.630,1.8012,1.8018,1.80,1.28
2011.05.12 11:11:18.469,1.8012,1.80179,1.80,1.28
2011.05.12 11:11:19.610,1.80125,1.80179,1.80,1.65
2011.05.12 11:11:22.892,1.80121,1.80179,1.20,2.25
2011.05.12 11:11:23.000,1.80117,1.8018,2.48,2.63
2011.05.12 11:11:23.110,1.80117,1.80172,1.20,1.28
2011.05.12 11:11:23.221,1.80117,1.80179,1.20,2.25
2011.05.12 11:11:23.330,1.8012,1.80179,1.20,2.25
2011.05.12 11:11:25.094,1.80113,1.80169,1.88,1.28
2011.05.12 11:11:25.420,1.80106,1.8016,1.80,1.28
2011.05.12 11:11:25.750,1.8011,1.80168,1.80,1.28
2011.05.12 11:11:27.860,1.80108,1.80167,1.80,1.28
2011.05.12 11:11:27.970,1.80108,1.80164,1.80,1.28
2011.05.12 11:11:28.519,1.80106,1.80162,1.80,1.28
2011.05.12 11:11:28.850,1.80107,1.80167,1.88,1.28
2011.05.12 11:11:29.740,1.8011,1.80167,1.80,1.65
2011.05.12 11:11:34.199,1.80112,1.80169,1.80,1.65
2011.05.12 11:11:34.529,1.80117,1.80172,1.20,2.03
2011.05.12 11:11:34.969,1.80122,1.80177,1.20,1.35
2011.05.12 11:11:35.549,1.80122,1.80177,1.20,1.35
2011.05.12 11:11:36.971,1.80121,1.80177,1.20,1.35
2011.05.12 11:11:37.520,1.8012,1.80177,1.20,1.35
2011.05.12 11:11:39.700,1.8012,1.80178,1.20,2.25
2011.05.12 11:11:39.920,1.80122,1.80181,1.20,2.63
2011.05.12 11:11:40.270,1.8012,1.80181,1.20,1.35
2011.05.12 11:11:40.820,1.80107,1.80178,1.20,3.75
2011.05.12 11:11:41.040,1.80098,1.80157,1.28,1.88
2011.05.12 11:11:41.370,1.80095,1.80149,1.28,1.28
2011.05.12 11:11:41.480,1.80095,1.80152,1.28,1.88
2011.05.12 11:11:41.919,1.80097,1.8015,1.20,1.28
2011.05.12 11:11:42.029,1.80094,1.8015,2.48,1.28
2011.05.12 11:11:42.562,1.80099,1.80158,1.20,1.88
2011.05.12 11:11:43.120,1.80098,1.80152,1.20,1.88
2011.05.12 11:11:43.669,1.80097,1.8015,1.20,1.28
2011.05.12 11:11:44.219,1.80098,1.80155,1.20,1.88
2011.05.12 11:11:44.756,1.80099,1.80157,1.20,1.88
2011.05.12 11:11:46.430,1.80098,1.80158,2.48,1.88
2011.05.12 11:11:46.761,1.80097,1.80155,1.28,2.10
2011.05.12 11:11:46.870,1.80092,1.80142,1.28,2.25
2011.05.12 11:11:47.090,1.80084,1.80134,1.20,1.28
2011.05.12 11:11:47.971,1.80078,1.80127,1.20,1.28
2011.05.12 11:11:48.299,1.80078,1.80125,1.20,1.28
2011.05.12 11:11:49.811,1.80071,1.80125,1.28,1.88
2011.05.12 11:11:50.140,1.80077,1.80122,1.20,1.88
2011.05.12 11:11:50.250,1.80074,1.80121,1.20,1.88
2011.05.12 11:11:50.810,1.80071,1.80121,1.20,1.88
2011.05.12 11:11:51.067,1.80071,1.80121,1.20,1.28
2011.05.12 11:11:51.400,1.8008,1.80128,1.28,1.28
2011.05.12 11:11:51.729,1.80085,1.8014,1.28,1.35
2011.05.12 11:11:52.821,1.80082,1.80137,1.28,2.03
2011.05.12 11:11:53.370,1.80083,1.8014,1.28,1.35
2011.05.12 11:11:54.460,1.80083,1.8014,1.28,1.35
2011.05.12 11:11:55.099,1.80084,1.8014,1.28,1.35
2011.05.12 11:11:59.067,1.80085,1.8014,1.28,1.35
2011.05.12 11:11:59.620,1.80086,1.8014,1.20,1.35
2011.05.12 11:11:59.729,1.80088,1.80146,1.28,1.88
2011.05.12 11:12:00.282,1.80083,1.80139,1.20,1.28
2011.05.12 11:12:00.389,1.80087,1.80147,1.28,1.88
2011.05.12 11:12:01.649,1.80085,1.80146,1.20,1.88
2011.05.12 11:12:02.199,1.80083,1.80145,1.28,1.88
2011.05.12 11:12:03.501,1.80084,1.80145,1.20,1.88
2011.05.12 11:12:05.372,1.80084,1.80145,1.80,1.28
2011.05.12 11:12:05.699,1.80092,1.80147,1.28,1.28
2011.05.12 11:12:06.360,1.80093,1.80149,1.28,1.28
2011.05.12 11:12:06.581,1.80098,1.80157,1.28,1.88
2011.05.12 11:12:07.151,1.80097,1.80156,1.28,1.88
2011.05.12 11:12:09.192,1.80094,1.80155,2.48,1.88
2011.05.12 11:12:10.146,1.80093,1.80154,1.28,1.88
2011.05.12 11:12:10.260,1.80095,1.80153,1.28,1.88
2011.05.12 11:12:11.030,1.80093,1.80156,2.48,1.88
2011.05.12 11:12:11.140,1.80095,1.80155,1.28,1.88
2011.05.12 11:12:11.690,1.80094,1.80155,1.28,1.88
2011.05.12 11:12:12.369,1.80093,1.80155,2.48,1.88
2011.05.12 11:12:12.699,1.80095,1.80154,1.28,1.88
2011.05.12 11:12:13.662,1.80094,1.80148,1.28,1.28
2011.05.12 11:12:14.209,1.80095,1.80154,1.28,1.88
2011.05.12 11:12:15.020,1.80097,1.80158,1.28,1.88
2011.05.12 11:12:15.570,1.80098,1.80158,1.28,1.88
2011.05.12 11:12:17.209,1.80094,1.80158,2.48,1.88
2011.05.12 11:12:17.760,1.80095,1.80155,1.28,1.88
2011.05.12 11:12:17.869,1.80094,1.80148,1.28,1.28
2011.05.12 11:12:17.980,1.80091,1.80148,1.28,1.28
2011.05.12 11:12:18.309,1.80093,1.80156,1.28,1.88
2011.05.12 11:12:19.080,1.80094,1.80152,1.28,1.28
2011.05.12 11:12:19.800,1.80094,1.80149,1.28,1.28
2011.05.12 11:12:20.349,1.80094,1.80148,1.28,1.28
2011.05.12 11:12:20.464,1.80094,1.80153,1.28,1.88
2011.05.12 11:12:21.651,1.80096,1.80154,1.20,1.88
2011.05.12 11:12:21.980,1.80094,1.8015,1.28,1.28
2011.05.12 11:12:22.311,1.80096,1.80157,1.80,1.28
2011.05.12 11:12:22.420,1.80103,1.80159,1.28,1.28
2011.05.12 11:12:24.291,1.80105,1.80159,1.28,1.28
2011.05.12 11:12:31.271,1.80103,1.80159,1.28,1.28
2011.05.12 11:12:34.692,1.80098,1.80148,1.20,1.28
2011.05.12 11:12:34.801,1.80094,1.80148,1.28,1.28
2011.05.12 11:12:34.912,1.80096,1.80158,1.20,1.88
2011.05.12 11:12:35.509,1.80097,1.80158,1.28,1.88
2011.05.12 11:12:36.133,1.80096,1.80158,1.20,1.88
2011.05.12 11:12:36.939,1.80095,1.80155,2.48,1.88
2011.05.12 11:12:37.790,1.80096,1.80158,1.20,1.88
2011.05.12 11:12:38.232,1.80096,1.80143,1.20,1.28
2011.05.12 11:12:38.781,1.80096,1.80135,1.20,2.10
2011.05.12 11:12:38.891,1.80092,1.80135,1.28,2.10
2011.05.12 11:12:39.001,1.80085,1.80128,1.20,2.10
2011.05.12 11:12:39.534,1.80083,1.80135,1.80,1.88
2011.05.12 11:12:40.751,1.80088,1.80135,1.20,1.88
2011.05.12 11:12:43.642,1.80088,1.80135,1.80,1.28
2011.05.12 11:12:44.080,1.80088,1.80138,1.80,1.28
2011.05.12 11:12:44.420,1.8009,1.80136,1.20,1.28
2011.05.12 11:12:44.531,1.80088,1.80136,1.20,1.28
2011.05.12 11:12:45.062,1.80088,1.80138,1.20,1.28
2011.05.12 11:12:45.741,1.80091,1.80138,1.20,1.28
2011.05.12 11:12:46.219,1.80088,1.80138,1.20,1.28
2011.05.12 11:12:47.099,1.80088,1.80135,1.20,1.28
2011.05.12 11:12:49.493,1.80087,1.80135,1.20,1.28
2011.05.12 11:12:50.040,1.80087,1.80136,1.20,1.28
2011.05.12 11:12:51.250,1.80086,1.80136,1.20,1.28
2011.05.12 11:12:51.580,1.80082,1.80136,1.20,1.28
2011.05.12 11:12:51.690,1.80082,1.80134,1.20,1.28
2011.05.12 11:12:52.169,1.80084,1.80126,1.20,1.28
2011.05.12 11:12:52.284,1.8008,1.80126,1.20,1.28
2011.05.12 11:12:52.501,1.80091,1.80126,1.20,1.28
2011.05.12 11:12:52.610,1.80091,1.80148,1.20,2.63
2011.05.12 11:12:52.721,1.80094,1.80154,1.20,1.35
2011.05.12 11:12:53.049,1.80083,1.80132,1.20,1.28
2011.05.12 11:12:53.452,1.80081,1.80132,1.20,2.25
2011.05.12 11:12:53.562,1.80072,1.80132,1.28,1.88
2011.05.12 11:12:53.672,1.80076,1.80132,1.20,2.25
2011.05.12 11:12:54.002,1.8007,1.80122,1.20,1.28
2011.05.12 11:12:54.111,1.80075,1.80124,1.20,1.28
2011.05.12 11:12:54.442,1.80073,1.80123,1.20,1.28
2011.05.12 11:12:54.881,1.80074,1.80121,1.20,1.28
2011.05.12 11:12:57.349,1.80074,1.80121,1.20,1.73
2011.05.12 11:12:57.682,1.80055,1.80105,1.50,1.13
2011.05.12 11:12:57.791,1.80068,1.80133,2.10,2.10
2011.05.12 11:12:58.012,1.80044,1.80094,1.88,1.88
2011.05.12 11:12:58.231,1.80064,1.80113,1.88,1.35
2011.05.12 11:12:58.780,1.80064,1.8012,1.88,2.10
2011.05.12 11:12:59.000,1.80064,1.80127,1.88,1.88
2011.05.12 11:12:59.550,1.80083,1.80133,1.28,2.25
2011.05.12 11:12:59.991,1.80083,1.80133,1.28,1.28
2011.05.12 11:13:00.321,1.80089,1.80136,1.28,1.28
2011.05.12 11:13:00.651,1.80095,1.80151,1.28,1.88
2011.05.12 11:13:01.300,1.80096,1.80152,1.28,1.88
2011.05.12 11:13:01.413,1.80089,1.8015,1.28,1.88
2011.05.12 11:13:01.630,1.80086,1.80142,1.28,1.88
2011.05.12 11:13:01.850,1.8009,1.8015,1.28,1.88
2011.05.12 11:13:02.380,1.80088,1.8015,1.28,1.88
2011.05.12 11:13:02.930,1.80087,1.80148,1.28,1.88
2011.05.12 11:13:04.683,1.80086,1.80147,1.28,1.88
2011.05.12 11:13:04.902,1.80084,1.80141,1.28,1.88
2011.05.12 11:13:05.341,1.80087,1.80151,1.28,1.88
2011.05.12 11:13:08.000,1.80087,1.80149,1.88,1.28
2011.05.12 11:13:08.241,1.8009,1.80151,1.88,1.88
2011.05.12 11:13:08.790,1.80087,1.80149,1.88,1.28
2011.05.12 11:13:09.340,1.80087,1.80148,1.88,1.28
2011.05.12 11:13:15.141,1.80087,1.80151,1.88,1.88
2011.05.12 11:13:15.250,1.80085,1.8014,1.88,1.28
2011.05.12 11:13:17.129,1.80088,1.80149,1.80,1.28
2011.05.12 11:13:18.490,1.80089,1.80151,1.88,1.88
2011.05.12 11:13:19.040,1.80087,1.80148,1.88,1.28
2011.05.12 11:13:21.260,1.8009,1.80151,1.88,1.88
2011.05.12 11:13:21.821,1.80088,1.8015,1.88,1.28
2011.05.12 11:13:22.792,1.80087,1.80149,1.88,1.28
2011.05.12 11:13:27.691,1.80089,1.80148,1.80,1.28
2011.05.12 11:13:28.289,1.80089,1.80147,3.00,1.28
2011.05.12 11:13:28.403,1.80105,1.80155,1.28,2.25
2011.05.12 11:13:30.271,1.80104,1.80156,1.28,1.65
2011.05.12 11:13:31.093,1.80104,1.80154,1.28,1.28
2011.05.12 11:13:31.668,1.80104,1.80156,1.28,1.28
2011.05.12 11:13:31.916,1.80105,1.80153,1.28,1.28
2011.05.12 11:13:32.580,1.80106,1.80156,1.28,1.28
2011.05.12 11:13:33.860,1.80106,1.80155,1.28,1.28
2011.05.12 11:13:34.409,1.80105,1.80157,1.28,1.28
2011.05.12 11:13:36.731,1.80105,1.80157,1.88,1.28
2011.05.12 11:13:37.062,1.80128,1.80171,1.28,1.35
2011.05.12 11:13:37.172,1.80125,1.80175,1.28,1.88
2011.05.12 11:13:37.280,1.80125,1.80175,1.88,1.28
2011.05.12 11:13:37.610,1.80133,1.80178,1.88,1.20
2011.05.12 11:13:37.942,1.8013,1.80187,3.38,1.28
2011.05.12 11:13:38.050,1.8013,1.80184,3.38,1.28
2011.05.12 11:13:38.491,1.8013,1.80193,3.38,1.88
2011.05.12 11:13:38.820,1.8013,1.80183,2.10,1.28
2011.05.12 11:13:39.371,1.8013,1.80192,3.38,1.88
2011.05.12 11:13:40.036,1.8013,1.80187,2.10,1.28
2011.05.12 11:13:40.153,1.8013,1.80192,1.28,1.88
2011.05.12 11:13:40.260,1.80129,1.80187,1.88,1.28
2011.05.12 11:13:40.590,1.80128,1.80184,1.88,1.28
2011.05.12 11:13:43.040,1.80121,1.80181,1.80,1.28
2011.05.12 11:13:43.152,1.8012,1.80181,1.28,1.28
2011.05.12 11:13:43.260,1.80118,1.80178,2.48,1.28
2011.05.12 11:13:43.699,1.80117,1.80175,3.08,1.28
2011.05.12 11:13:44.071,1.8012,1.80175,1.20,1.28
2011.05.12 11:13:44.180,1.80119,1.8018,1.20,1.28
2011.05.12 11:13:44.723,1.80118,1.80177,1.28,1.28
2011.05.12 11:13:45.050,1.80118,1.80175,1.20,1.28
2011.05.12 11:13:45.176,1.80118,1.80178,2.48,1.28
2011.05.12 11:13:45.731,1.80154,1.80178,1.35,1.28
2011.05.12 11:13:46.063,1.8018,1.80206,1.28,2.48
2011.05.12 11:13:46.172,1.80146,1.80193,1.28,1.88
2011.05.12 11:13:46.392,1.80119,1.80196,2.18,1.88
2011.05.12 11:13:46.503,1.80141,1.80196,1.28,1.88
2011.05.12 11:13:47.053,1.80141,1.80204,1.28,1.28
2011.05.12 11:13:47.599,1.80141,1.80203,1.28,1.28
2011.05.12 11:13:48.641,1.80152,1.80206,1.28,2.25
2011.05.12 11:13:49.320,1.80156,1.80217,1.28,2.03
2011.05.12 11:13:49.870,1.80155,1.8021,1.28,2.03
2011.05.12 11:13:50.463,1.80153,1.8021,1.28,1.65
2011.05.12 11:13:50.573,1.80183,1.80228,1.28,2.03
2011.05.12 11:13:50.903,1.8015,1.80203,1.28,1.88
2011.05.12 11:13:52.241,1.80148,1.80198,1.28,1.88
2011.05.12 11:13:52.350,1.80137,1.80198,1.88,1.88
2011.05.12 11:13:53.471,1.80142,1.80208,1.28,3.38
2011.05.12 11:13:54.020,1.80143,1.80204,1.28,1.88
2011.05.12 11:13:54.490,1.80141,1.80195,1.28,2.10
2011.05.12 11:13:54.711,1.80139,1.80196,1.28,1.28
2011.05.12 11:13:54.821,1.80138,1.80194,1.88,1.28
2011.05.12 11:13:55.152,1.80151,1.80198,1.88,1.28
2011.05.12 11:13:55.261,1.80157,1.80212,1.88,1.58
2011.05.12 11:13:57.114,1.80164,1.80219,1.28,2.03
2011.05.12 11:13:57.670,1.80163,1.8022,1.28,2.03
2011.05.12 11:13:58.443,1.80164,1.8022,2.10,2.03
2011.05.12 11:13:58.881,1.80176,1.80233,1.88,1.28
2011.05.12 11:13:58.989,1.80179,1.80241,1.28,1.88
2011.05.12 11:14:00.380,1.80179,1.80241,1.88,1.28
2011.05.12 11:14:00.709,1.80186,1.80243,1.88,1.28
2011.05.12 11:14:02.082,1.80188,1.80244,1.28,1.28
2011.05.12 11:14:04.510,1.80186,1.80243,1.88,1.28
2011.05.12 11:14:07.180,1.80176,1.80233,1.88,1.28
2011.05.12 11:14:07.510,1.80179,1.80241,1.28,1.88
2011.05.12 11:14:08.519,1.8018,1.80239,1.28,1.88
2011.05.12 11:14:09.494,1.80179,1.80238,1.28,1.28
2011.05.12 11:14:09.821,1.80179,1.80236,1.28,1.28
2011.05.12 11:14:10.370,1.80179,1.80235,1.28,1.28
2011.05.12 11:14:12.770,1.80179,1.8024,1.28,1.88
2011.05.12 11:14:13.320,1.80177,1.80239,1.80,1.88
2011.05.12 11:14:13.430,1.80177,1.8023,1.80,1.28
2011.05.12 11:14:13.822,1.80166,1.8023,1.28,1.88
2011.05.12 11:14:14.309,1.80164,1.80219,1.88,1.28
2011.05.12 11:14:14.650,1.80152,1.80216,2.25,1.28
2011.05.12 11:14:16.300,1.80161,1.80217,1.88,1.28
2011.05.12 11:14:17.072,1.80163,1.80218,1.88,1.28
2011.05.12 11:14:17.401,1.80192,1.80218,1.35,1.28
2011.05.12 11:14:17.620,1.80199,1.80241,1.20,1.88
2011.05.12 11:14:17.840,1.80185,1.8024,1.28,2.10
2011.05.12 11:14:18.760,1.80184,1.8024,1.28,3.38
2011.05.12 11:14:18.872,1.80175,1.80236,1.28,1.88
2011.05.12 11:14:19.403,1.80178,1.80239,1.28,1.88
2011.05.12 11:14:19.511,1.80176,1.80239,1.28,1.88
2011.05.12 11:14:20.063,1.80177,1.80235,1.28,1.88
2011.05.12 11:14:20.499,1.80184,1.8024,1.28,3.38
2011.05.12 11:14:21.350,1.80185,1.8024,1.28,2.10
2011.05.12 11:14:27.670,1.80189,1.8024,1.28,2.48
2011.05.12 11:14:27.781,1.80188,1.80243,1.28,1.35
2011.05.12 11:14:28.330,1.80188,1.80242,1.28,1.35
2011.05.12 11:14:28.770,1.80186,1.80242,1.28,1.35
2011.05.12 11:14:29.469,1.80185,1.80242,1.28,1.35
2011.05.12 11:14:30.039,1.80185,1.80243,1.28,1.35
2011.05.12 11:14:30.480,1.80186,1.8024,1.28,2.25
2011.05.12 11:14:31.814,1.80184,1.8024,1.28,2.25
2011.05.12 11:14:31.925,1.80184,1.80229,1.28,2.10
2011.05.12 11:14:32.031,1.80175,1.80229,1.28,3.38
2011.05.12 11:14:32.140,1.80172,1.80226,1.28,1.88
2011.05.12 11:14:32.251,1.80172,1.80226,1.28,1.28
2011.05.12 11:14:32.471,1.8019,1.80234,1.28,1.88
2011.05.12 11:14:32.690,1.8018,1.80232,1.28,1.88
2011.05.12 11:14:33.130,1.80169,1.80222,1.28,1.28
2011.05.12 11:14:33.350,1.8018,1.80233,1.28,1.88
2011.05.12 11:14:33.680,1.80169,1.80221,1.88,1.28
2011.05.12 11:14:34.229,1.80169,1.80222,1.88,1.28
2011.05.12 11:14:34.790,1.80171,1.80223,1.88,1.28
2011.05.12 11:14:35.415,1.8018,1.80224,1.88,1.28
2011.05.12 11:14:35.752,1.80178,1.80222,1.88,1.28
2011.05.12 11:14:37.622,1.80178,1.80222,1.28,1.28
2011.05.12 11:14:37.731,1.80176,1.80222,1.28,1.28
2011.05.12 11:14:38.279,1.80177,1.80221,1.28,1.28
2011.05.12 11:14:39.870,1.80177,1.80223,1.28,1.88
2011.05.12 11:14:40.421,1.80177,1.80223,1.88,1.28
2011.05.12 11:14:40.530,1.80179,1.80225,1.88,1.28
2011.05.12 11:14:40.641,1.8018,1.80232,1.88,1.28
2011.05.12 11:14:41.171,1.80185,1.80231,1.28,1.28
2011.05.12 11:14:41.720,1.80185,1.80232,1.28,1.28
2011.05.12 11:14:42.270,1.80181,1.80232,1.88,1.28
2011.05.12 11:14:42.823,1.80179,1.80225,1.88,1.28
2011.05.12 11:14:42.931,1.80189,1.80235,1.28,1.88
2011.05.12 11:14:44.610,1.80191,1.80235,1.28,1.88
2011.05.12 11:14:48.120,1.80189,1.80235,1.28,1.88
2011.05.12 11:14:48.232,1.80182,1.80231,1.88,1.28
2011.05.12 11:14:48.561,1.80177,1.80223,1.88,1.28
2011.05.12 11:14:48.671,1.80177,1.80223,1.28,1.28
2011.05.12 11:14:48.780,1.80177,1.80221,1.28,1.28
2011.05.12 11:14:50.190,1.80175,1.80221,1.88,1.28
2011.05.12 11:14:51.161,1.80177,1.80221,1.28,1.28
2011.05.12 11:14:51.682,1.80179,1.80229,1.28,1.88
2011.05.12 11:14:52.231,1.80178,1.80228,1.28,1.88
2011.05.12 11:14:52.780,1.80179,1.80226,1.28,1.88
2011.05.12 11:14:53.001,1.80178,1.80222,1.28,1.28
2011.05.12 11:14:56.551,1.80176,1.80222,1.28,1.28
2011.05.12 11:14:56.661,1.80183,1.80222,2.10,1.28
2011.05.12 11:14:56.989,1.80183,1.80248,2.10,1.80
2011.05.12 11:14:57.211,1.80198,1.80244,1.28,1.88
2011.05.12 11:14:57.431,1.80196,1.80249,1.28,2.10
2011.05.12 11:14:58.200,1.80198,1.80249,1.28,2.10
2011.05.12 11:14:58.530,1.80198,1.80258,1.88,3.38
2011.05.12 11:14:59.020,1.80205,1.80258,1.28,2.10
2011.05.12 11:14:59.351,1.80203,1.80257,1.28,1.88
2011.05.12 11:15:01.930,1.802,1.80257,1.28,1.88
2011.05.12 11:15:02.371,1.80195,1.80252,1.28,1.88
2011.05.12 11:15:03.180,1.80194,1.80249,1.28,1.88
2011.05.12 11:15:03.292,1.80191,1.80248,1.28,1.88
2011.05.12 11:15:03.620,1.8019,1.80247,1.28,1.88
2011.05.12 11:15:04.181,1.80194,1.80248,1.28,3.38
2011.05.12 11:15:04.831,1.80192,1.80247,1.28,1.88
2011.05.12 11:15:06.380,1.80193,1.80248,1.28,2.10
2011.05.12 11:15:06.802,1.80191,1.80246,1.28,1.88
2011.05.12 11:15:07.353,1.80208,1.80252,1.28,1.88
2011.05.12 11:15:07.461,1.802,1.80249,1.28,1.28
2011.05.12 11:15:07.571,1.80201,1.80247,1.28,1.28
2011.05.12 11:15:08.230,1.80202,1.80254,1.28,1.88
2011.05.12 11:15:08.670,1.80199,1.80245,1.28,1.28
2011.05.12 11:15:09.000,1.80201,1.80254,1.28,1.88
2011.05.12 11:15:09.109,1.802,1.80244,1.28,1.28
2011.05.12 11:15:09.677,1.80199,1.80243,1.28,1.28
2011.05.12 11:15:10.011,1.80202,1.80254,1.28,1.88
2011.05.12 11:15:10.120,1.802,1.80244,1.28,1.28
2011.05.12 11:15:10.399,1.80201,1.80254,1.28,1.88
2011.05.12 11:15:11.000,1.80202,1.80253,1.28,1.88
2011.05.12 11:15:12.509,1.80203,1.80247,1.28,1.28
2011.05.12 11:15:12.730,1.80203,1.80254,1.28,1.88
2011.05.12 11:15:12.950,1.80201,1.80245,1.28,1.28
2011.05.12 11:15:13.391,1.80202,1.80251,1.28,1.28
2011.05.12 11:15:17.061,1.80201,1.80247,1.28,1.28
2011.05.12 11:15:17.389,1.80205,1.80252,1.28,1.88
2011.05.12 11:15:17.500,1.80205,1.80249,1.28,1.28
2011.05.12 11:15:17.830,1.80208,1.80254,1.28,1.88
2011.05.12 11:15:18.622,1.80201,1.80252,1.28,1.88
2011.05.12 11:15:19.442,1.80202,1.80251,1.28,1.28
2011.05.12 11:15:19.614,1.80199,1.80252,1.28,1.88
2011.05.12 11:15:19.942,1.802,1.8025,1.28,1.28
2011.05.12 11:15:20.270,1.80197,1.80242,1.28,1.28
2011.05.12 11:15:21.372,1.80197,1.80242,1.28,1.88
2011.05.12 11:15:21.480,1.80185,1.80231,1.28,1.28
2011.05.12 11:15:22.013,1.80189,1.80238,1.28,1.28
2011.05.12 11:15:22.891,1.80185,1.80231,1.28,1.28
2011.05.12 11:15:25.130,1.80189,1.80238,1.28,1.28
2011.05.12 11:15:26.199,1.80194,1.8024,1.28,1.28
2011.05.12 11:15:26.612,1.80196,1.8024,1.28,1.28
2011.05.12 11:15:28.151,1.80196,1.8024,1.88,1.28
2011.05.12 11:15:28.712,1.80177,1.80224,1.88,1.28
2011.05.12 11:15:29.043,1.80178,1.80224,2.10,1.28
2011.05.12 11:15:29.153,1.80186,1.8023,1.88,1.28
2011.05.12 11:15:29.921,1.80189,1.80229,2.10,1.28
2011.05.12 11:15:30.140,1.80189,1.80238,2.10,1.28
2011.05.12 11:15:34.062,1.80185,1.80231,1.88,1.28
2011.05.12 11:15:34.613,1.80184,1.8023,1.88,1.28
2011.05.12 11:15:35.160,1.80182,1.80229,1.88,1.28
2011.05.12 11:15:35.710,1.80184,1.8023,1.88,1.28
2011.05.12 11:15:42.970,1.80184,1.80227,1.28,2.10
2011.05.12 11:15:45.000,1.80183,1.80227,1.28,2.10
2011.05.12 11:15:46.021,1.80165,1.80221,1.28,1.88
2011.05.12 11:15:48.850,1.80158,1.80219,1.28,1.88
2011.05.12 11:15:48.960,1.80156,1.8022,1.28,1.88
2011.05.12 11:15:49.400,1.80156,1.8022,1.88,1.28
2011.05.12 11:15:49.510,1.80172,1.80216,1.28,1.28
2011.05.12 11:15:49.841,1.80163,1.80207,1.28,2.10
2011.05.12 11:15:49.951,1.80157,1.80207,1.28,2.10
2011.05.12 11:15:50.171,1.80153,1.80196,1.28,2.10
2011.05.12 11:15:50.280,1.80137,1.80196,1.80,3.38
2011.05.12 11:15:51.979,1.80133,1.80189,1.28,1.88
2011.05.12 11:15:52.934,1.80119,1.80175,1.28,1.88
2011.05.12 11:15:53.699,1.80117,1.80172,1.65,1.88
2011.05.12 11:15:56.448,1.80117,1.80172,1.28,1.88
2011.05.12 11:15:58.621,1.80119,1.80173,1.28,1.88
2011.05.12 11:15:59.391,1.8012,1.80174,1.28,1.88
2011.05.12 11:15:59.939,1.80119,1.80173,1.28,1.88
2011.05.12 11:16:03.110,1.8012,1.80174,1.28,1.88
2011.05.12 11:16:03.441,1.80122,1.80177,1.28,1.28
2011.05.12 11:16:03.552,1.80131,1.80186,1.28,1.88
2011.05.12 11:16:04.102,1.80133,1.80187,1.28,1.88
2011.05.12 11:16:07.112,1.80133,1.80185,1.28,2.10
2011.05.12 11:16:07.221,1.80124,1.80185,1.28,2.10
2011.05.12 11:16:07.771,1.80122,1.80185,1.28,3.38
2011.05.12 11:16:07.880,1.80124,1.80184,1.28,1.88
2011.05.12 11:16:08.430,1.80125,1.80184,1.28,1.88
2011.05.12 11:16:08.760,1.80127,1.80185,1.28,3.38
2011.05.12 11:16:09.090,1.80122,1.80177,1.28,1.88
2011.05.12 11:16:09.201,1.80125,1.80184,1.28,1.88
2011.05.12 11:16:10.725,1.80121,1.80178,1.28,1.88
2011.05.12 11:16:12.231,1.80125,1.80179,1.28,1.88
2011.05.12 11:16:12.342,1.8012,1.80177,1.28,1.88
2011.05.12 11:16:17.229,1.80118,1.80174,1.28,1.88
2011.05.12 11:16:17.341,1.8011,1.80171,1.28,1.88
2011.05.12 11:16:17.671,1.80161,1.80177,1.28,1.20
2011.05.12 11:16:17.891,1.80126,1.80163,1.20,1.28
2011.05.12 11:16:18.111,1.80126,1.80179,1.20,1.28
2011.05.12 11:16:18.221,1.80129,1.80183,1.28,1.88
2011.05.12 11:16:18.822,1.80128,1.80184,1.28,2.63
2011.05.12 11:16:19.480,1.80157,1.8018,1.28,1.20
2011.05.12 11:16:19.590,1.80157,1.80186,1.28,1.20
2011.05.12 11:16:19.700,1.80157,1.80186,1.28,1.80
2011.05.12 11:16:19.810,1.80128,1.80184,1.28,1.88
2011.05.12 11:16:20.324,1.80128,1.80184,1.28,1.88
2011.05.12 11:16:22.801,1.80129,1.80186,1.28,1.88
2011.05.12 11:16:22.912,1.80136,1.80188,1.28,1.80
2011.05.12 11:16:23.912,1.80141,1.80194,1.28,1.80
2011.05.12 11:16:24.021,1.80135,1.80182,1.28,2.03
2011.05.12 11:16:24.134,1.80112,1.80171,1.20,1.35
2011.05.12 11:16:24.242,1.80115,1.80173,1.20,2.03
2011.05.12 11:16:24.350,1.80106,1.80173,1.20,2.03
2011.05.12 11:16:24.460,1.80121,1.80176,1.28,2.03
2011.05.12 11:16:25.010,1.8012,1.80171,1.28,1.35
2011.05.12 11:16:25.342,1.80148,1.80194,1.28,1.88
2011.05.12 11:16:25.780,1.80171,1.80211,1.28,1.95
2011.05.12 11:16:26.110,1.80149,1.80193,1.28,1.28
2011.05.12 11:16:26.220,1.80144,1.8019,2.48,1.28
2011.05.12 11:16:26.331,1.80144,1.8019,2.48,1.88
2011.05.12 11:16:26.659,1.80124,1.80171,1.80,1.88
2011.05.12 11:16:27.321,1.80132,1.80178,1.28,1.28
2011.05.12 11:16:27.653,1.80131,1.80183,2.10,1.28
2011.05.12 11:16:28.367,1.80183,1.80189,1.28,1.20
2011.05.12 11:16:28.485,1.80155,1.80215,1.65,1.88
2011.05.12 11:16:28.702,1.80154,1.80213,1.65,2.10
2011.05.12 11:16:28.810,1.80132,1.80212,1.88,2.55
2011.05.12 11:16:29.031,1.80138,1.80212,2.10,2.55
2011.05.12 11:16:29.579,1.80138,1.80211,2.10,1.35
2011.05.12 11:16:29.911,1.80154,1.80211,1.28,1.35
2011.05.12 11:16:30.020,1.8015,1.80211,1.88,1.35
2011.05.12 11:16:30.791,1.80148,1.80212,1.88,1.35
2011.05.12 11:16:30.900,1.80166,1.80212,1.28,2.63
2011.05.12 11:16:31.451,1.8016,1.80209,1.28,2.25
2011.05.12 11:16:31.670,1.80158,1.8021,1.28,2.25
2011.05.12 11:16:32.310,1.80158,1.80209,1.28,2.25
2011.05.12 11:16:38.290,1.80158,1.80209,1.28,2.25
2011.05.12 11:16:42.542,1.80159,1.80209,1.28,2.25
2011.05.12 11:16:43.185,1.8016,1.80209,1.28,2.25
2011.05.12 11:16:44.653,1.80161,1.80212,1.28,2.25
2011.05.12 11:16:44.761,1.80161,1.80212,1.28,1.65
2011.05.12 11:16:44.871,1.80172,1.80218,1.28,1.35
2011.05.12 11:16:45.310,1.80174,1.80218,1.28,1.35
2011.05.12 11:16:45.420,1.80172,1.80218,1.28,1.35
2011.05.12 11:16:45.531,1.8017,1.80218,1.28,1.35
2011.05.12 11:16:45.750,1.80174,1.80218,1.28,1.35
2011.05.12 11:16:46.801,1.80185,1.80227,1.28,1.35
2011.05.12 11:16:47.791,1.80196,1.80231,2.10,1.28
2011.05.12 11:16:48.010,1.80205,1.80259,2.10,1.88
2011.05.12 11:16:49.220,1.80205,1.80253,2.10,1.28
2011.05.12 11:16:49.440,1.80198,1.80253,3.38,1.88
2011.05.12 11:16:49.896,1.80193,1.80249,1.88,1.28
2011.05.12 11:16:50.015,1.80193,1.80249,1.28,1.28
2011.05.12 11:16:50.561,1.80189,1.80248,1.88,1.28
2011.05.12 11:16:56.905,1.80183,1.8024,1.88,1.28
2011.05.12 11:16:57.230,1.80205,1.80255,1.28,1.80
2011.05.12 11:16:57.451,1.80205,1.80261,1.28,1.28
2011.05.12 11:17:00.341,1.80209,1.80265,1.28,1.88
2011.05.12 11:17:02.481,1.80209,1.80265,1.88,1.28
2011.05.12 11:17:02.701,1.80213,1.80268,1.88,1.65
2011.05.12 11:17:02.811,1.80217,1.80274,1.28,2.03
2011.05.12 11:17:09.781,1.80217,1.80274,1.28,1.28
2011.05.12 11:17:12.313,1.80219,1.80275,1.28,1.28
2011.05.12 11:17:12.643,1.80221,1.8028,1.28,1.88
2011.05.12 11:17:12.970,1.80223,1.80284,1.28,2.25
2011.05.12 11:17:13.080,1.80221,1.80276,1.28,1.28
2011.05.12 11:17:13.651,1.8022,1.80284,1.28,2.25
2011.05.12 11:17:14.460,1.80223,1.80284,1.28,2.25
2011.05.12 11:17:15.260,1.80221,1.80284,1.28,2.25
2011.05.12 11:17:15.832,1.80222,1.80285,1.28,2.25
2011.05.12 11:17:16.800,1.80224,1.80284,1.28,2.25
2011.05.12 11:17:17.410,1.80223,1.80284,1.28,2.25
2011.05.12 11:17:18.151,1.80224,1.80284,1.28,2.25
2011.05.12 11:17:18.371,1.8021,1.80283,1.88,1.73
2011.05.12 11:17:18.481,1.80208,1.80263,1.88,1.28
2011.05.12 11:17:18.592,1.80213,1.80268,1.88,1.28
2011.05.12 11:17:18.701,1.80211,1.80271,1.88,1.28
2011.05.12 11:17:19.031,1.8021,1.80275,1.88,1.28
2011.05.12 11:17:19.580,1.8021,1.80274,1.88,1.28
2011.05.12 11:17:20.850,1.80211,1.80271,1.88,1.28
2011.05.12 11:17:21.401,1.80215,1.80271,1.35,1.28
2011.05.12 11:17:21.732,1.80265,1.80298,1.28,2.10
2011.05.12 11:17:21.840,1.8023,1.8028,2.03,1.28
2011.05.12 11:17:21.953,1.8023,1.8028,1.88,1.28
2011.05.12 11:17:22.061,1.80243,1.8029,1.28,1.28
2011.05.12 11:17:22.170,1.80244,1.80291,2.10,1.65
2011.05.12 11:17:22.391,1.80258,1.80319,1.88,1.88
2011.05.12 11:17:22.984,1.80257,1.80318,1.88,1.28
2011.05.12 11:17:24.531,1.80258,1.80317,1.88,1.28
2011.05.12 11:17:25.662,1.80258,1.80317,1.28,1.88
2011.05.12 11:17:25.772,1.80253,1.80316,1.28,1.88
2011.05.12 11:17:26.530,1.80252,1.80316,1.28,1.88
2011.05.12 11:17:29.611,1.80262,1.80316,1.28,1.88
2011.05.12 11:17:29.831,1.80256,1.80312,1.28,1.88
2011.05.12 11:17:29.942,1.80252,1.80306,1.28,1.88
2011.05.12 11:17:30.270,1.80258,1.80315,1.28,1.88
2011.05.12 11:17:30.600,1.80252,1.80314,1.28,1.88
2011.05.12 11:17:31.142,1.80248,1.80298,1.28,1.88
2011.05.12 11:17:32.683,1.80248,1.80284,1.28,2.10
2011.05.12 11:17:32.899,1.80215,1.80284,2.10,2.10
2011.05.12 11:17:33.011,1.80227,1.80289,2.10,2.25
2011.05.12 11:17:33.694,1.80229,1.80285,1.28,1.88
2011.05.12 11:17:34.022,1.80231,1.80286,1.28,3.38
2011.05.12 11:17:34.351,1.80239,1.80278,1.28,2.10
2011.05.12 11:17:34.461,1.80235,1.80278,1.28,2.10
2011.05.12 11:17:34.791,1.80216,1.8027,1.28,1.88
2011.05.12 11:17:35.341,1.80211,1.80268,1.28,1.88
2011.05.12 11:17:36.111,1.80211,1.80268,1.28,1.88
2011.05.12 11:17:36.440,1.80206,1.80252,1.28,1.28
2011.05.12 11:17:36.770,1.8021,1.80256,1.28,1.28
2011.05.12 11:17:37.212,1.80207,1.80253,1.28,1.88
2011.05.12 11:17:37.541,1.80202,1.80248,1.65,1.88
2011.05.12 11:17:38.004,1.80202,1.80248,1.28,1.28
2011.05.12 11:17:38.478,1.80202,1.80247,1.28,2.10
2011.05.12 11:17:38.583,1.80189,1.80233,3.08,1.28
2011.05.12 11:17:38.910,1.80182,1.80229,3.38,1.28
2011.05.12 11:17:39.681,1.80182,1.8023,3.38,1.28
2011.05.12 11:17:42.600,1.8019,1.8023,2.10,1.28
2011.05.12 11:17:42.931,1.80202,1.80248,1.28,1.88
2011.05.12 11:17:43.890,1.80196,1.80244,1.88,1.28
2011.05.12 11:17:43.982,1.80191,1.80244,1.88,1.88
2011.05.12 11:17:44.312,1.80196,1.80244,1.28,1.88
2011.05.12 11:17:45.631,1.80198,1.80246,1.88,1.28
2011.05.12 11:17:48.050,1.80195,1.80245,1.88,1.28
2011.05.12 11:17:49.652,1.80195,1.80245,1.28,1.88
2011.05.12 11:17:49.762,1.80193,1.80244,1.28,3.00
2011.05.12 11:17:49.873,1.80183,1.80225,1.80,1.28
2011.05.12 11:17:49.982,1.80183,1.80222,1.20,1.28
2011.05.12 11:17:50.202,1.80172,1.80223,1.88,1.28
2011.05.12 11:17:50.531,1.80187,1.80237,2.10,1.28
2011.05.12 11:17:50.641,1.80196,1.80244,1.88,1.65
2011.05.12 11:17:52.700,1.80196,1.80244,1.88,2.25
2011.05.12 11:17:52.811,1.80196,1.80244,1.28,2.25
2011.05.12 11:17:53.381,1.80187,1.80231,1.88,1.28
2011.05.12 11:17:53.504,1.80202,1.80248,1.88,2.03
2011.05.12 11:17:54.050,1.80205,1.80254,1.88,1.35
2011.05.12 11:17:54.600,1.80201,1.80254,1.88,1.35
2011.05.12 11:17:56.030,1.80216,1.80254,1.28,1.35
2011.05.12 11:17:56.141,1.80216,1.80273,1.88,1.88
2011.05.12 11:17:56.251,1.8022,1.80274,1.28,1.88
2011.05.12 11:17:56.976,1.80221,1.8028,1.28,1.88
2011.05.12 11:17:57.191,1.80223,1.80281,1.28,2.10
2011.05.12 11:17:57.801,1.80222,1.8028,1.28,1.88
2011.05.12 11:17:57.911,1.80208,1.80263,1.28,1.88
2011.05.12 11:17:58.131,1.80212,1.8027,1.28,2.10
2011.05.12 11:17:59.121,1.80216,1.80271,1.35,1.28
2011.05.12 11:17:59.231,1.80222,1.80285,1.28,2.25
2011.05.12 11:17:59.562,1.80224,1.80284,1.28,1.88
2011.05.12 11:18:00.730,1.80225,1.80285,1.28,1.88
2011.05.12 11:18:01.410,1.80219,1.80285,1.20,1.88
2011.05.12 11:18:01.522,1.80212,1.80285,1.80,1.88
2011.05.12 11:18:01.630,1.80224,1.80286,1.28,1.88
2011.05.12 11:18:02.200,1.80225,1.80284,1.28,1.88
2011.05.12 11:18:02.312,1.80223,1.80284,1.28,1.88
2011.05.12 11:18:02.865,1.80222,1.80284,1.28,1.88
2011.05.12 11:18:04.601,1.80221,1.80283,1.28,1.88
2011.05.12 11:18:05.160,1.8022,1.80283,1.28,1.88
2011.05.12 11:18:06.371,1.80219,1.80282,1.28,1.88
2011.05.12 11:18:06.990,1.8022,1.80283,1.28,1.88
2011.05.12 11:18:07.231,1.80223,1.80282,1.28,1.88
2011.05.12 11:18:07.851,1.80223,1.80282,1.28,1.88
2011.05.12 11:18:08.182,1.80212,1.8027,1.28,1.28
2011.05.12 11:18:08.291,1.8022,1.80283,1.28,1.88
2011.05.12 11:18:09.013,1.80221,1.80283,1.28,1.88
2011.05.12 11:18:10.410,1.8022,1.80284,1.28,1.88
2011.05.12 11:18:13.932,1.80219,1.80275,1.28,1.28
2011.05.12 11:18:14.040,1.8022,1.80277,1.28,1.88
2011.05.12 11:18:14.612,1.80231,1.80286,1.28,1.65
2011.05.12 11:18:15.382,1.8022,1.80285,1.28,1.65
2011.05.12 11:18:15.601,1.80223,1.80283,1.28,1.28
2011.05.12 11:18:15.712,1.80221,1.80283,1.28,1.28
2011.05.12 11:18:16.041,1.80216,1.80267,1.28,1.28
2011.05.12 11:18:17.260,1.80215,1.80269,1.28,1.28
2011.05.12 11:18:17.701,1.80216,1.80267,1.28,1.28
2011.05.12 11:18:19.400,1.80215,1.80267,1.28,1.28
2011.05.12 11:18:25.703,1.80218,1.8027,1.28,1.28
2011.05.12 11:18:26.941,1.80217,1.8027,1.28,1.28
2011.05.12 11:18:27.491,1.80215,1.80269,1.28,1.28
2011.05.12 11:18:27.961,1.80216,1.80267,1.28,1.28
2011.05.12 11:18:29.061,1.80225,1.80269,1.28,1.28
2011.05.12 11:18:29.611,1.80218,1.8027,1.28,1.28
2011.05.12 11:18:29.941,1.80225,1.80271,1.28,1.28
2011.05.12 11:18:30.533,1.80226,1.80272,1.28,1.28
2011.05.12 11:18:31.590,1.80225,1.80271,1.28,1.28
2011.05.12 11:18:33.002,1.80238,1.80282,1.28,1.65
2011.05.12 11:18:33.110,1.80234,1.80281,1.28,1.65
2011.05.12 11:18:33.440,1.80229,1.80281,1.28,1.65
2011.05.12 11:18:34.872,1.80229,1.8028,1.28,1.28
2011.05.12 11:18:35.251,1.80227,1.8028,1.28,1.28
2011.05.12 11:18:36.440,1.80227,1.80277,1.28,1.28
2011.05.12 11:18:36.770,1.80231,1.80286,1.88,1.35
2011.05.12 11:18:37.441,1.80231,1.80288,1.28,2.03
2011.05.12 11:18:37.771,1.80234,1.80289,1.28,1.35
2011.05.12 11:18:38.321,1.80233,1.80289,1.28,1.35
2011.05.12 11:18:38.651,1.80234,1.80295,1.88,2.03
2011.05.12 11:18:39.800,1.80233,1.80295,1.88,1.28
2011.05.12 11:18:40.780,1.80235,1.80294,1.88,1.28
2011.05.12 11:18:41.330,1.80236,1.80299,1.88,1.28
2011.05.12 11:18:42.030,1.80237,1.80298,1.88,1.28
2011.05.12 11:18:43.091,1.80239,1.80297,1.88,1.28
2011.05.12 11:18:46.921,1.80264,1.80297,2.10,1.28
2011.05.12 11:18:47.142,1.80291,1.80338,1.28,2.25
2011.05.12 11:18:47.251,1.80268,1.80304,1.58,1.28
2011.05.12 11:18:47.582,1.80285,1.80362,1.28,1.80
2011.05.12 11:18:48.020,1.80285,1.80342,1.28,1.28
2011.05.12 11:18:48.710,1.80284,1.8034,1.28,1.28
2011.05.12 11:18:49.072,1.80284,1.80343,1.28,1.88
2011.05.12 11:18:49.694,1.80313,1.80359,1.28,1.88
2011.05.12 11:18:49.912,1.80298,1.80361,2.10,2.10
2011.05.12 11:18:50.022,1.80293,1.80352,2.10,2.10
2011.05.12 11:18:50.352,1.80285,1.80334,2.25,2.10
2011.05.12 11:18:50.790,1.80285,1.80342,1.65,1.88
2011.05.12 11:18:51.700,1.80288,1.80345,1.28,2.10
2011.05.12 11:18:52.042,1.80292,1.80345,1.28,2.10
2011.05.12 11:18:52.372,1.80294,1.80345,1.28,2.10
2011.05.12 11:18:53.561,1.80295,1.80345,1.28,2.10
2011.05.12 11:18:54.408,1.80296,1.80352,1.28,1.88
2011.05.12 11:18:54.524,1.8032,1.80373,1.28,1.35
2011.05.12 11:18:54.742,1.80294,1.80373,1.20,1.35
2011.05.12 11:18:54.851,1.80294,1.8037,1.20,2.48
2011.05.12 11:18:55.180,1.80294,1.8034,1.20,1.28
2011.05.12 11:18:55.510,1.80294,1.80338,1.20,1.28
2011.05.12 11:18:55.781,1.80278,1.80338,2.03,1.28
2011.05.12 11:18:57.161,1.80278,1.80338,2.03,1.28
2011.05.12 11:18:57.272,1.80274,1.80331,2.03,1.28
2011.05.12 11:18:57.600,1.80277,1.80338,2.03,1.28
2011.05.12 11:18:58.127,1.8028,1.80338,1.35,1.28
2011.05.12 11:18:58.245,1.80278,1.80337,2.03,1.28
2011.05.12 11:18:58.351,1.80278,1.80337,2.03,1.88
2011.05.12 11:18:59.961,1.80267,1.80338,1.28,3.38
2011.05.12 11:19:00.290,1.80277,1.80338,1.28,3.38
2011.05.12 11:19:00.620,1.80267,1.80333,1.28,1.35
2011.05.12 11:19:01.389,1.8027,1.80333,1.28,1.35
2011.05.12 11:19:01.942,1.80276,1.80338,1.28,2.10
2011.05.12 11:19:02.587,1.80279,1.80338,1.28,2.10
2011.05.12 11:19:02.933,1.80277,1.80331,1.28,1.88
2011.05.12 11:19:03.044,1.80269,1.80333,1.28,2.10
2011.05.12 11:19:03.154,1.80257,1.80315,2.25,1.28
2011.05.12 11:19:03.371,1.80276,1.80322,1.28,1.28
2011.05.12 11:19:03.482,1.80277,1.80329,1.28,1.88
2011.05.12 11:19:03.703,1.80261,1.80323,1.88,1.88
2011.05.12 11:19:04.471,1.80285,1.80322,2.10,1.28
2011.05.12 11:19:04.692,1.80315,1.80361,1.28,1.35
2011.05.12 11:19:05.275,1.80282,1.80336,1.88,2.10
2011.05.12 11:19:06.991,1.80281,1.8034,1.28,2.25
2011.05.12 11:19:09.941,1.80278,1.80335,1.28,1.28
2011.05.12 11:19:11.065,1.80278,1.80335,1.28,1.88
2011.05.12 11:19:11.281,1.80268,1.80331,1.28,1.88
2011.05.12 11:19:11.393,1.80266,1.80321,1.28,1.28
2011.05.12 11:19:11.503,1.80255,1.80317,2.25,1.28
2011.05.12 11:19:12.050,1.80255,1.80318,2.25,1.28
2011.05.12 11:19:12.710,1.80255,1.80318,1.65,1.88
2011.05.12 11:19:13.150,1.80254,1.8031,2.25,1.28
2011.05.12 11:19:13.481,1.80261,1.8031,2.10,1.28
2011.05.12 11:19:13.950,1.80261,1.80329,2.10,1.28
2011.05.12 11:19:14.067,1.80275,1.80349,1.80,1.95
2011.05.12 11:19:14.292,1.80302,1.80355,1.28,1.35
2011.05.12 11:19:14.732,1.80309,1.80365,1.28,2.03
2011.05.12 11:19:15.471,1.80309,1.80365,1.28,2.03
2011.05.12 11:19:15.800,1.80311,1.80365,1.28,2.03
2011.05.12 11:19:16.800,1.80311,1.80365,1.28,1.28
2011.05.12 11:19:20.020,1.80309,1.80365,1.28,1.28
2011.05.12 11:19:21.100,1.8031,1.80366,1.28,1.28
2011.05.12 11:19:23.360,1.80306,1.80361,1.28,1.28
2011.05.12 11:19:23.762,1.80315,1.80361,1.80,1.28
2011.05.12 11:19:24.092,1.80306,1.80361,1.88,1.28
2011.05.12 11:19:24.421,1.80308,1.80375,1.28,1.35
2011.05.12 11:19:24.751,1.80323,1.80369,1.28,1.28
2011.05.12 11:19:25.190,1.80306,1.80361,1.88,1.28
2011.05.12 11:19:25.300,1.80306,1.80361,1.28,1.28
2011.05.12 11:19:26.741,1.80305,1.8036,1.28,1.28
2011.05.12 11:19:31.421,1.80304,1.80358,1.28,1.28
2011.05.12 11:19:31.861,1.80296,1.80354,1.28,1.28
2011.05.12 11:19:32.080,1.80297,1.80358,1.28,1.28
2011.05.12 11:19:32.191,1.80295,1.80358,1.28,1.28
2011.05.12 11:19:32.833,1.80305,1.8036,1.28,1.28
2011.05.12 11:19:32.946,1.80295,1.80355,1.28,1.28
2011.05.12 11:19:33.171,1.80297,1.80355,1.28,1.28
2011.05.12 11:19:33.281,1.80298,1.80358,1.28,1.28
2011.05.12 11:19:34.161,1.80297,1.80359,1.28,1.28
2011.05.12 11:19:34.490,1.80304,1.80361,1.28,1.28
2011.05.12 11:19:34.821,1.80306,1.80361,1.28,1.28
2011.05.12 11:19:37.625,1.80318,1.80374,1.28,1.35
2011.05.12 11:19:37.951,1.8032,1.80374,1.28,1.35
2011.05.12 11:19:38.391,1.80322,1.80374,1.28,1.35
2011.05.12 11:19:38.503,1.80299,1.80374,1.88,2.63
2011.05.12 11:19:38.720,1.80299,1.80372,1.28,2.55
2011.05.12 11:19:40.320,1.803,1.80367,1.28,2.18
2011.05.12 11:19:40.761,1.80304,1.80356,1.28,1.28
2011.05.12 11:19:41.425,1.80304,1.80349,1.28,2.10
2011.05.12 11:19:41.535,1.8029,1.80336,1.88,1.28
2011.05.12 11:19:41.643,1.8029,1.80336,1.28,1.88
2011.05.12 11:19:41.753,1.8028,1.80336,2.25,1.88
2011.05.12 11:19:41.972,1.80281,1.80327,1.65,2.10
2011.05.12 11:19:42.193,1.80265,1.80326,1.88,1.88
2011.05.12 11:19:42.302,1.80252,1.80303,1.80,1.28
2011.05.12 11:19:42.523,1.80243,1.80302,1.58,1.88
2011.05.12 11:19:43.731,1.8024,1.80302,1.65,1.88
2011.05.12 11:19:45.641,1.80242,1.80294,1.65,2.10
2011.05.12 11:19:45.971,1.80209,1.80282,1.80,1.35
2011.05.12 11:19:46.412,1.80189,1.80235,1.65,2.10
2011.05.12 11:19:46.633,1.80174,1.80234,1.28,1.88
2011.05.12 11:19:46.741,1.8019,1.80235,1.28,2.10
2011.05.12 11:19:46.851,1.8019,1.80239,1.28,2.25
2011.05.12 11:19:47.071,1.80196,1.80241,1.28,1.35
2011.05.12 11:19:47.401,1.80205,1.8024,1.28,1.35
2011.05.12 11:19:47.510,1.80198,1.8024,1.28,1.35
2011.05.12 11:19:48.393,1.80199,1.80241,1.28,1.35
2011.05.12 11:19:48.942,1.80192,1.8024,1.28,1.35
2011.05.12 11:19:49.052,1.80192,1.80252,1.88,2.03
2011.05.12 11:19:49.493,1.80208,1.80257,1.13,1.88
2011.05.12 11:19:49.824,1.80193,1.8026,2.03,1.20
2011.05.12 11:19:49.932,1.80203,1.80291,1.95,1.20
2011.05.12 11:19:50.041,1.8023,1.8029,2.10,2.48
2011.05.12 11:19:50.615,1.80222,1.8028,1.80,2.10
2011.05.12 11:19:50.731,1.80215,1.80292,1.88,1.65
2011.05.12 11:19:50.840,1.80238,1.80292,1.28,1.65
2011.05.12 11:19:50.952,1.80216,1.80291,1.88,1.65
2011.05.12 11:19:51.061,1.80214,1.8029,1.28,2.25
2011.05.12 11:19:51.390,1.80235,1.80292,1.28,3.45
2011.05.12 11:19:51.720,1.80251,1.80297,1.28,2.03
2011.05.12 11:19:52.491,1.80251,1.80293,1.28,2.48
2011.05.12 11:19:52.601,1.80227,1.8029,1.80,2.25
2011.05.12 11:19:52.711,1.80227,1.8029,1.80,1.65
2011.05.12 11:19:53.260,1.80236,1.80291,1.88,1.65
2011.05.12 11:19:53.790,1.80236,1.80291,1.28,2.25
2011.05.12 11:19:54.010,1.80214,1.80291,1.80,2.25
2011.05.12 11:19:54.884,1.80205,1.80279,1.80,1.88
2011.05.12 11:19:55.210,1.802,1.80273,2.10,2.10
2011.05.12 11:19:55.542,1.8021,1.80257,1.28,1.28
2011.05.12 11:19:55.871,1.80217,1.80275,1.28,2.25
2011.05.12 11:19:56.090,1.80217,1.80278,1.28,2.03
2011.05.12 11:19:56.531,1.80233,1.80284,1.28,2.03
2011.05.12 11:19:56.871,1.80229,1.80283,1.28,2.03
2011.05.12 11:19:56.980,1.80231,1.80283,1.28,2.03
2011.05.12 11:19:58.221,1.80229,1.80273,1.28,1.65
2011.05.12 11:19:58.442,1.80229,1.80272,1.28,1.20
2011.05.12 11:19:58.981,1.80208,1.8023,1.20,1.28
2011.05.12 11:19:59.075,1.80178,1.80241,1.88,2.10
2011.05.12 11:19:59.732,1.80178,1.80232,1.28,1.28
2011.05.12 11:20:00.280,1.80178,1.80243,1.28,2.25
2011.05.12 11:20:00.831,1.80177,1.8024,1.28,2.25
2011.05.12 11:20:00.941,1.80179,1.80239,1.28,2.25
2011.05.12 11:20:01.741,1.80178,1.80243,1.28,2.25
2011.05.12 11:20:02.888,1.80181,1.80241,1.28,2.25
2011.05.12 11:20:03.211,1.80178,1.80241,1.28,2.25
2011.05.12 11:20:03.761,1.80179,1.80242,1.28,2.25
2011.05.12 11:20:03.981,1.80178,1.80239,1.28,2.25
2011.05.12 11:20:04.091,1.80156,1.80237,1.20,1.88
2011.05.12 11:20:04.201,1.80156,1.80222,1.20,2.10
2011.05.12 11:20:04.531,1.80182,1.80217,1.28,1.20
2011.05.12 11:20:04.860,1.80158,1.80217,1.88,1.20
2011.05.12 11:20:04.970,1.8018,1.80217,2.10,1.20
2011.05.12 11:20:05.081,1.8018,1.80243,2.10,2.63
2011.05.12 11:20:05.680,1.80187,1.80243,1.88,2.25
2011.05.12 11:20:06.864,1.80179,1.80239,1.28,2.25
2011.05.12 11:20:07.800,1.80184,1.80241,1.28,2.25
2011.05.12 11:20:07.911,1.80177,1.80233,1.28,1.88
2011.05.12 11:20:09.660,1.80179,1.80239,1.28,2.25
2011.05.12 11:20:09.992,1.80174,1.80224,1.28,1.28
2011.05.12 11:20:10.322,1.80165,1.80219,1.20,1.88
2011.05.12 11:20:10.651,1.80147,1.80218,1.35,1.88
2011.05.12 11:20:10.761,1.80159,1.8022,1.28,1.28
2011.05.12 11:20:10.981,1.80164,1.8022,1.28,1.28
2011.05.12 11:20:11.965,1.80164,1.80218,1.28,1.28
2011.05.12 11:20:12.743,1.80165,1.80219,1.28,1.28
2011.05.12 11:20:12.963,1.80165,1.80222,1.28,1.28
2011.05.12 11:20:13.073,1.80192,1.80237,1.28,1.58
2011.05.12 11:20:13.401,1.80196,1.80237,1.28,1.58
2011.05.12 11:20:15.712,1.80196,1.80248,1.28,2.03
2011.05.12 11:20:15.820,1.80194,1.80239,1.28,1.65
2011.05.12 11:20:15.931,1.80196,1.8024,1.28,1.65
2011.05.12 11:20:16.830,1.80196,1.8024,1.28,2.03
2011.05.12 11:20:17.252,1.80193,1.80237,1.88,1.65
2011.05.12 11:20:18.222,1.80193,1.80237,1.88,1.65
2011.05.12 11:20:18.771,1.80193,1.80226,1.28,2.10
2011.05.12 11:20:18.880,1.80167,1.80221,2.10,1.88
2011.05.12 11:20:18.991,1.80166,1.8021,1.28,2.10
2011.05.12 11:20:19.100,1.8016,1.80206,1.88,1.88
2011.05.12 11:20:19.211,1.80159,1.80203,1.28,3.38
2011.05.12 11:20:19.321,1.80149,1.80198,2.18,1.88
2011.05.12 11:20:19.542,1.80165,1.80196,2.10,1.28
2011.05.12 11:20:19.651,1.80148,1.80196,1.35,1.28
2011.05.12 11:20:19.760,1.80154,1.80233,1.80,2.10
2011.05.12 11:20:20.311,1.80153,1.80216,1.20,2.10
2011.05.12 11:20:20.640,1.80139,1.80216,2.55,2.10
2011.05.12 11:20:21.396,1.80143,1.80225,2.48,2.10
2011.05.12 11:20:21.620,1.80154,1.80231,1.88,1.35
2011.05.12 11:20:21.842,1.80168,1.80213,1.28,1.28
2011.05.12 11:20:22.062,1.80152,1.80208,1.28,1.28
2011.05.12 11:20:22.171,1.8015,1.80208,1.28,1.28
2011.05.12 11:20:22.283,1.80149,1.80206,1.28,1.28
2011.05.12 11:20:22.501,1.80147,1.80206,1.28,1.28
2011.05.12 11:20:23.430,1.8015,1.80208,1.28,1.88
2011.05.12 11:20:23.981,1.80152,1.80213,1.28,1.88
2011.05.12 11:20:24.531,1.80153,1.80214,1.28,1.88
2011.05.12 11:20:24.752,1.80149,1.80214,1.28,1.88
2011.05.12 11:20:25.218,1.80153,1.80217,1.28,1.88
2011.05.12 11:20:27.112,1.80152,1.80218,1.88,1.28
2011.05.12 11:20:27.331,1.80154,1.80231,1.88,1.35
2011.05.12 11:20:27.550,1.80167,1.80224,1.28,1.28
2011.05.12 11:20:27.770,1.80155,1.80216,1.80,1.28
2011.05.12 11:20:28.320,1.80153,1.80217,1.88,1.28
2011.05.12 11:20:29.321,1.80151,1.80214,1.88,1.28
2011.05.12 11:20:29.776,1.80151,1.80212,1.88,1.28
2011.05.12 11:20:29.891,1.80151,1.80214,1.88,1.28
2011.05.12 11:20:30.332,1.80154,1.8023,1.88,1.35
2011.05.12 11:20:30.917,1.80157,1.8023,1.20,1.35
2011.05.12 11:20:31.035,1.80175,1.80233,1.28,2.03
2011.05.12 11:20:31.592,1.80175,1.80233,1.28,1.50
2011.05.12 11:20:32.140,1.80176,1.80233,1.28,1.50
2011.05.12 11:20:32.251,1.80173,1.80229,1.28,1.65
2011.05.12 11:20:32.361,1.80175,1.80233,1.28,1.50
2011.05.12 11:20:33.300,1.80174,1.80233,1.28,1.50
2011.05.12 11:20:33.850,1.80174,1.80224,1.28,1.13
2011.05.12 11:20:36.102,1.80172,1.80225,1.28,1.13
2011.05.12 11:20:36.718,1.8017,1.80225,1.88,1.13
2011.05.12 11:20:37.237,1.8017,1.80227,1.88,1.65
2011.05.12 11:20:37.846,1.8017,1.80227,1.88,1.65
2011.05.12 11:20:37.953,1.80174,1.80233,1.28,1.50
2011.05.12 11:20:38.282,1.8018,1.80235,1.28,2.63
2011.05.12 11:20:38.833,1.80177,1.80231,1.28,2.63
2011.05.12 11:20:38.941,1.80171,1.80226,1.88,1.65
2011.05.12 11:20:39.491,1.80172,1.80228,1.88,1.65
2011.05.12 11:20:39.930,1.80177,1.80237,1.88,1.28
2011.05.12 11:20:41.191,1.80179,1.80236,1.88,1.28
2011.05.12 11:20:41.524,1.80169,1.80234,1.88,1.35
2011.05.12 11:20:41.741,1.8017,1.80224,1.88,1.28
2011.05.12 11:20:42.073,1.80175,1.80237,1.28,1.88
2011.05.12 11:20:42.181,1.80177,1.80239,1.28,1.80
2011.05.12 11:20:42.621,1.80178,1.8024,1.88,2.48
2011.05.12 11:20:42.950,1.80183,1.80242,1.88,1.65
2011.05.12 11:20:44.411,1.80183,1.80239,1.88,1.28
2011.05.12 11:20:44.851,1.80173,1.80237,1.88,1.28
2011.05.12 11:20:46.291,1.80183,1.80239,1.88,1.28
2011.05.12 11:20:46.855,1.80174,1.80238,1.88,1.28
2011.05.12 11:20:48.040,1.80172,1.80238,1.28,1.88
2011.05.12 11:20:48.421,1.80172,1.80228,1.28,1.28
2011.05.12 11:20:50.810,1.80169,1.80227,1.88,1.28
2011.05.12 11:20:52.111,1.8017,1.80224,1.88,1.28
2011.05.12 11:20:54.991,1.80171,1.80226,1.88,1.28
2011.05.12 11:20:55.942,1.80172,1.80228,1.28,1.28
2011.05.12 11:20:56.051,1.80174,1.80238,1.88,1.28
2011.05.12 11:20:56.492,1.80185,1.8024,1.28,1.28
2011.05.12 11:20:57.040,1.80177,1.80237,1.88,1.28
2011.05.12 11:20:58.501,1.80177,1.80236,1.28,1.88
2011.05.12 11:20:58.721,1.80174,1.80235,1.28,1.88
2011.05.12 11:21:00.641,1.80177,1.8024,1.28,1.88
2011.05.12 11:21:02.420,1.80173,1.80239,1.88,1.88
2011.05.12 11:21:05.942,1.80174,1.80238,1.28,1.88
2011.05.12 11:21:06.822,1.80172,1.80228,1.88,1.28
2011.05.12 11:21:07.042,1.80174,1.80238,1.28,1.88
2011.05.12 11:21:07.152,1.80173,1.80227,1.28,1.28
2011.05.12 11:21:07.370,1.8017,1.80227,1.28,1.28
2011.05.12 11:21:08.194,1.8017,1.80227,1.88,1.28
2011.05.12 11:21:08.521,1.80172,1.80229,1.88,1.28
2011.05.12 11:21:08.741,1.80172,1.80238,1.88,1.28
2011.05.12 11:21:08.850,1.80173,1.80235,1.88,1.28
2011.05.12 11:21:09.291,1.80174,1.80235,1.28,1.88
2011.05.12 11:21:09.863,1.80173,1.80227,1.28,1.28
2011.05.12 11:21:11.520,1.80171,1.80226,1.28,1.28
2011.05.12 11:21:12.192,1.8017,1.80227,1.28,1.28
2011.05.12 11:21:14.652,1.8017,1.80224,1.28,1.28
2011.05.12 11:21:14.981,1.8017,1.80224,1.28,1.88
2011.05.12 11:21:15.091,1.80159,1.80215,1.28,1.28
2011.05.12 11:21:15.311,1.8017,1.80224,1.28,1.28
2011.05.12 11:21:17.891,1.80159,1.80213,1.88,1.28
2011.05.12 11:21:18.003,1.8017,1.80227,1.28,1.88
2011.05.12 11:21:18.110,1.80169,1.80225,1.28,1.28
2011.05.12 11:21:18.861,1.8017,1.80227,1.28,1.88
2011.05.12 11:21:29.121,1.8017,1.80227,1.28,1.88
2011.05.12 11:21:29.340,1.80154,1.80225,1.80,1.28
2011.05.12 11:21:29.561,1.80172,1.80228,1.28,1.28
2011.05.12 11:21:30.591,1.80176,1.80231,1.88,1.28
2011.05.12 11:21:30.920,1.80184,1.80238,1.28,1.88
2011.05.12 11:21:31.363,1.80165,1.80238,1.80,1.88
2011.05.12 11:21:31.473,1.80161,1.80228,1.28,2.10
2011.05.12 11:21:32.216,1.80148,1.80192,1.95,2.10
2011.05.12 11:21:32.334,1.8013,1.80192,1.20,2.10
2011.05.12 11:21:32.441,1.80125,1.80192,1.20,2.10
2011.05.12 11:21:32.552,1.80127,1.80192,1.20,2.10
2011.05.12 11:21:33.010,1.80125,1.80192,1.20,2.10
2011.05.12 11:21:33.340,1.80128,1.80192,1.20,2.10
2011.05.12 11:21:34.192,1.80133,1.80198,1.20,1.88
2011.05.12 11:21:34.300,1.80131,1.80198,1.20,1.88
2011.05.12 11:21:34.851,1.80127,1.80202,1.88,1.88
2011.05.12 11:21:36.851,1.8013,1.80202,1.20,1.88
2011.05.12 11:21:36.962,1.80132,1.80202,1.20,1.88
2011.05.12 11:21:37.682,1.80138,1.80207,1.80,2.25
2011.05.12 11:21:37.793,1.80138,1.80207,1.20,2.25
2011.05.12 11:21:38.013,1.80133,1.80199,1.20,1.88
2011.05.12 11:21:38.231,1.80131,1.8019,1.20,1.28
2011.05.12 11:21:38.342,1.80129,1.8019,1.20,1.28
2011.05.12 11:21:38.451,1.80129,1.802,1.20,1.88
2011.05.12 11:21:39.110,1.80124,1.80198,1.58,1.88
2011.05.12 11:21:40.660,1.80129,1.80199,1.20,2.25
2011.05.12 11:21:40.990,1.80126,1.80203,1.28,2.63
2011.05.12 11:21:41.480,1.80128,1.80203,1.20,2.63
2011.05.12 11:21:42.071,1.80129,1.80203,1.20,2.63
2011.05.12 11:21:42.401,1.80127,1.80203,1.20,2.63
2011.05.12 11:21:43.214,1.80129,1.80203,1.20,2.63
2011.05.12 11:21:43.323,1.80126,1.80203,1.28,2.63
2011.05.12 11:21:43.431,1.80123,1.80191,1.20,1.28
2011.05.12 11:21:43.651,1.80125,1.802,1.20,2.25
2011.05.12 11:21:44.311,1.80122,1.802,1.20,2.25
2011.05.12 11:21:45.281,1.80121,1.80193,1.28,1.35
2011.05.12 11:21:47.280,1.8012,1.80193,1.20,1.35
2011.05.12 11:21:47.831,1.80119,1.80193,1.28,1.35
2011.05.12 11:21:47.941,1.80123,1.80193,1.20,1.35
2011.05.12 11:21:48.271,1.8012,1.80193,1.28,1.35
2011.05.12 11:21:48.381,1.80122,1.80193,1.20,1.35
2011.05.12 11:21:48.712,1.80114,1.80188,2.18,2.03
2011.05.12 11:21:49.250,1.8011,1.80181,2.18,1.28
2011.05.12 11:21:49.571,1.80148,1.80205,1.35,1.20
2011.05.12 11:21:50.011,1.80137,1.80205,1.35,1.20
2011.05.12 11:21:50.451,1.80163,1.80205,1.28,1.20
2011.05.12 11:21:50.563,1.80163,1.80208,1.28,1.20
2011.05.12 11:21:50.782,1.80163,1.8022,1.28,1.20
2011.05.12 11:21:51.030,1.80163,1.80224,1.28,1.65
2011.05.12 11:21:51.361,1.80163,1.80221,1.28,1.28
2011.05.12 11:21:51.693,1.80161,1.8022,1.28,1.28
2011.05.12 11:21:51.911,1.8016,1.80214,1.28,1.28
2011.05.12 11:21:52.370,1.80158,1.80214,1.28,1.28
2011.05.12 11:21:52.464,1.8016,1.80229,1.28,1.35
2011.05.12 11:21:53.012,1.80148,1.80225,1.28,2.48
2011.05.12 11:21:53.122,1.80146,1.80223,1.88,1.88
2011.05.12 11:21:54.400,1.80147,1.80213,1.28,1.80
2011.05.12 11:21:55.101,1.80146,1.80213,1.88,1.80
2011.05.12 11:21:57.501,1.80143,1.8022,1.28,1.88
2011.05.12 11:21:58.051,1.80146,1.80221,1.28,1.88
2011.05.12 11:22:00.710,1.80143,1.8022,2.48,2.25
2011.05.12 11:22:00.932,1.80141,1.80214,1.20,1.35
2011.05.12 11:22:01.541,1.8014,1.80214,1.28,1.35
2011.05.12 11:22:01.654,1.80138,1.80214,1.20,2.63
2011.05.12 11:22:02.421,1.80136,1.80214,2.48,1.35
2011.05.12 11:22:02.531,1.80139,1.80214,1.20,1.35
2011.05.12 11:22:02.861,1.80139,1.80203,1.20,1.35
2011.05.12 11:22:02.971,1.80136,1.80203,2.48,1.35
2011.05.12 11:22:03.192,1.80136,1.80198,1.20,1.28
2011.05.12 11:22:03.412,1.80125,1.80203,2.03,1.35
2011.05.12 11:22:03.523,1.80128,1.80199,1.95,1.28
2011.05.12 11:22:03.742,1.8013,1.80203,1.95,1.35
2011.05.12 11:22:05.060,1.80125,1.80203,2.03,1.35
2011.05.12 11:22:05.699,1.80124,1.80185,2.55,1.28
2011.05.12 11:22:05.825,1.80136,1.80205,2.48,1.20
2011.05.12 11:22:05.931,1.80136,1.80208,2.48,1.20
2011.05.12 11:22:06.043,1.80147,1.80211,1.88,1.20
2011.05.12 11:22:06.152,1.80147,1.80226,2.25,1.95
2011.05.12 11:22:06.260,1.80152,1.80226,2.10,1.95
2011.05.12 11:22:06.591,1.80184,1.80235,1.28,1.28
2011.05.12 11:22:06.702,1.80192,1.80252,1.28,1.28
2011.05.12 11:22:06.921,1.80193,1.80263,1.28,1.95
2011.05.12 11:22:07.143,1.80191,1.80248,1.28,1.28
2011.05.12 11:22:07.692,1.80188,1.80248,1.88,1.28
2011.05.12 11:22:08.021,1.80191,1.80253,1.28,1.28
2011.05.12 11:22:08.352,1.8019,1.80248,1.88,1.28
2011.05.12 11:22:08.742,1.8019,1.80253,1.88,1.28
2011.05.12 11:22:09.301,1.8019,1.80252,1.88,1.28
2011.05.12 11:22:09.743,1.80188,1.80245,1.88,1.28
2011.05.12 11:22:14.591,1.80189,1.80246,1.88,1.28
2011.05.12 11:22:14.701,1.80193,1.80252,1.28,1.28
2011.05.12 11:22:14.812,1.80182,1.80253,1.88,1.13
2011.05.12 11:22:14.921,1.80179,1.80242,1.28,1.28
2011.05.12 11:22:15.252,1.80188,1.80245,1.28,1.28
2011.05.12 11:22:18.512,1.80188,1.80245,1.28,2.03
2011.05.12 11:22:18.731,1.80177,1.80233,1.28,1.28
2011.05.12 11:22:19.062,1.80181,1.80241,1.28,1.28
2011.05.12 11:22:19.281,1.80179,1.80241,1.28,1.28
2011.05.12 11:22:19.833,1.80176,1.80237,1.28,1.28
2011.05.12 11:22:20.161,1.80167,1.80229,1.88,1.28
2011.05.12 11:22:20.692,1.80168,1.80246,1.80,1.95
2011.05.12 11:22:22.611,1.80171,1.80247,1.28,1.35
2011.05.12 11:22:23.161,1.80164,1.80243,1.80,1.13
2011.05.12 11:22:23.382,1.80174,1.80243,1.28,1.13
2011.05.12 11:22:23.490,1.80165,1.8024,1.88,1.28
2011.05.12 11:22:26.231,1.8016,1.8024,1.88,2.03
2011.05.12 11:22:26.451,1.8016,1.80239,1.88,1.20
2011.05.12 11:22:26.562,1.80154,1.80225,1.35,1.28
2011.05.12 11:22:26.782,1.80154,1.8023,1.35,1.20
2011.05.12 11:22:27.331,1.8016,1.80243,1.80,1.13
2011.05.12 11:22:30.036,1.8016,1.80244,2.18,1.13
2011.05.12 11:22:31.792,1.80155,1.80241,2.55,1.95
2011.05.12 11:22:32.340,1.80155,1.8024,1.35,1.20
2011.05.12 11:22:33.342,1.80155,1.8024,1.35,1.80
2011.05.12 11:22:40.071,1.80153,1.80239,1.80,1.35
2011.05.12 11:22:41.603,1.80159,1.80239,1.20,1.35
2011.05.12 11:22:41.820,1.80154,1.80239,1.80,1.35
2011.05.12 11:22:42.150,1.80142,1.80223,3.23,1.28
2011.05.12 11:22:44.601,1.80142,1.80216,1.95,1.28
2011.05.12 11:22:48.422,1.80149,1.80226,1.65,1.88
2011.05.12 11:22:48.531,1.80152,1.80227,1.28,1.88
2011.05.12 11:22:50.311,1.8015,1.80224,1.28,1.35
2011.05.12 11:22:50.724,1.80144,1.80216,1.20,1.28
2011.05.12 11:22:50.941,1.80143,1.80224,1.65,1.35
2011.05.12 11:22:51.972,1.80143,1.80225,3.45,2.03
2011.05.12 11:22:53.602,1.80147,1.80216,1.80,1.28
2011.05.12 11:22:54.150,1.80141,1.80222,3.45,1.28
2011.05.12 11:22:56.591,1.80149,1.80226,1.88,2.03
2011.05.12 11:22:56.701,1.80149,1.80226,1.88,1.28
2011.05.12 11:22:57.436,1.80149,1.80226,1.88,2.03
2011.05.12 11:22:57.601,1.80149,1.80226,1.88,1.28
2011.05.12 11:22:58.429,1.80149,1.80226,1.88,2.03
2011.05.12 11:23:00.391,1.80159,1.80226,1.80,1.28
2011.05.12 11:23:00.611,1.80162,1.80233,1.88,1.95
2011.05.12 11:23:00.722,1.8017,1.80233,1.20,1.95
2011.05.12 11:23:00.942,1.80168,1.80242,1.28,1.95
2011.05.12 11:23:01.633,1.80168,1.80223,1.28,1.28
2011.05.12 11:23:02.181,1.80168,1.80224,1.28,1.28
2011.05.12 11:23:02.291,1.80166,1.80223,1.88,1.28
2011.05.12 11:23:03.060,1.80173,1.80227,1.28,1.28
2011.05.12 11:23:03.973,1.80165,1.80224,1.88,1.28
2011.05.12 11:23:06.390,1.80173,1.80227,1.28,1.28
2011.05.12 11:23:06.500,1.8017,1.80227,1.28,1.28
2011.05.12 11:23:07.072,1.80164,1.80223,1.88,1.28
2011.05.12 11:23:08.413,1.80164,1.80223,1.28,2.63
2011.05.12 11:23:08.522,1.80151,1.80205,1.28,1.28
2011.05.12 11:23:08.852,1.80145,1.80204,2.18,1.28
2011.05.12 11:23:08.962,1.80148,1.80204,1.20,1.28
2011.05.12 11:23:09.511,1.80149,1.80205,1.28,1.28
2011.05.12 11:23:09.952,1.80146,1.80204,1.80,1.28
2011.05.12 11:23:10.390,1.80145,1.80206,1.80,1.28
2011.05.12 11:23:10.877,1.8015,1.80206,1.28,1.28
2011.05.12 11:23:11.202,1.80152,1.80207,1.28,1.28
2011.05.12 11:23:11.534,1.80153,1.80217,1.28,1.28
2011.05.12 11:23:11.641,1.80155,1.80216,1.28,1.28
2011.05.12 11:23:11.971,1.80156,1.80218,1.88,1.65
2011.05.12 11:23:12.521,1.8016,1.80218,1.28,1.65
2011.05.12 11:23:12.972,1.8016,1.80219,1.28,2.25
2011.05.12 11:23:13.082,1.80145,1.80214,1.20,1.35
2011.05.12 11:23:13.192,1.8014,1.80194,1.88,1.28
2011.05.12 11:23:13.966,1.80137,1.80191,1.28,1.28
2011.05.12 11:23:14.533,1.80136,1.80192,1.65,1.28
2011.05.12 11:23:16.161,1.80136,1.80192,2.25,1.28
2011.05.12 11:23:17.403,1.80138,1.80203,1.88,1.28
2011.05.12 11:23:17.513,1.80137,1.80194,1.88,1.28
2011.05.12 11:23:17.915,1.80137,1.80191,1.88,1.28
2011.05.12 11:23:18.725,1.80159,1.80215,1.28,1.88
2011.05.12 11:23:19.624,1.80159,1.80214,1.28,2.10
2011.05.12 11:23:19.733,1.80148,1.80203,1.28,1.88
2011.05.12 11:23:19.952,1.80137,1.80199,3.08,1.28
2011.05.12 11:23:20.063,1.80137,1.80197,1.88,1.28
2011.05.12 11:23:20.391,1.80137,1.80197,1.28,1.88
2011.05.12 11:23:21.192,1.80136,1.80192,1.28,1.88
2011.05.12 11:23:23.140,1.80137,1.80191,1.28,1.88
2011.05.12 11:23:23.511,1.80135,1.80191,1.28,1.88
2011.05.12 11:23:23.733,1.80127,1.80191,1.88,1.88
2011.05.12 11:23:24.281,1.80129,1.8019,1.28,1.88
2011.05.12 11:23:24.813,1.80122,1.80178,1.65,1.88
2011.05.12 11:23:25.361,1.80123,1.80177,1.28,1.88
2011.05.12 11:23:27.143,1.80121,1.80177,1.65,1.88
2011.05.12 11:23:28.548,1.80123,1.8018,1.28,1.88
2011.05.12 11:23:28.773,1.80126,1.80188,1.28,1.88
2011.05.12 11:23:28.993,1.80134,1.80189,1.28,1.88
2011.05.12 11:23:29.502,1.80123,1.80177,1.88,1.28
2011.05.12 11:23:33.291,1.80125,1.80187,1.28,1.88
2011.05.12 11:23:33.901,1.80124,1.80186,1.28,1.88
2011.05.12 11:23:34.121,1.80124,1.80182,1.28,1.28
2011.05.12 11:23:34.710,1.80126,1.80182,1.28,1.28
2011.05.12 11:23:36.451,1.80123,1.80183,1.88,1.28
2011.05.12 11:23:37.013,1.80122,1.80176,1.88,1.28
2011.05.12 11:23:37.454,1.80126,1.80164,2.10,1.28
2011.05.12 11:23:37.563,1.80114,1.80164,2.10,1.28
2011.05.12 11:23:37.675,1.80108,1.80164,1.28,1.28
2011.05.12 11:23:38.208,1.80111,1.80194,1.28,1.95
2011.05.12 11:23:38.326,1.80111,1.80184,1.28,1.35
2011.05.12 11:23:38.652,1.80107,1.80154,2.48,1.13
2011.05.12 11:23:38.982,1.8012,1.80181,1.28,2.03
2011.05.12 11:23:39.090,1.80107,1.8019,1.80,1.35
2011.05.12 11:23:39.642,1.8014,1.80186,1.28,1.28
2011.05.12 11:23:40.312,1.80139,1.80185,1.28,1.28
2011.05.12 11:23:40.415,1.80126,1.8018,1.28,1.88
2011.05.12 11:23:40.522,1.80129,1.80188,1.28,2.48
2011.05.12 11:23:40.853,1.80132,1.80188,1.28,2.10
2011.05.12 11:23:41.181,1.80123,1.80188,1.88,2.10
2011.05.12 11:23:41.512,1.80124,1.80196,2.10,2.85
2011.05.12 11:23:41.842,1.80138,1.80196,1.28,2.85
2011.05.12 11:23:41.951,1.80139,1.80196,1.88,1.35
2011.05.12 11:23:42.721,1.80144,1.80195,1.88,1.35
2011.05.12 11:23:43.614,1.80145,1.80196,1.28,1.35
2011.05.12 11:23:43.941,1.80137,1.8019,1.28,2.48
2011.05.12 11:23:44.051,1.80137,1.80194,1.88,2.25
2011.05.12 11:23:44.274,1.80148,1.80203,1.28,2.10
2011.05.12 11:23:44.491,1.8014,1.802,1.28,1.88
2011.05.12 11:23:44.603,1.80132,1.80198,1.20,1.88
2011.05.12 11:23:44.711,1.80129,1.80198,1.28,1.88
2011.05.12 11:23:45.260,1.8013,1.80202,1.28,1.88
