2016.10.04 07:00:00.461,1.53564,1.53588,1.00,1.00
2016.10.04 07:00:00.512,1.53564,1.5359,1.00,1.00
2016.10.04 07:00:00.613,1.53568,1.53595,1.00,1.00
2016.10.04 07:00:00.664,1.53568,1.53595,1.00,1.00
2016.10.04 07:00:00.715,1.53571,1.53596,1.00,1.00
2016.10.04 07:00:00.867,1.53575,1.53597,1.00,2.10
2016.10.04 07:00:01.031,1.53575,1.53601,1.00,1.60
2016.10.04 07:00:01.082,1.53575,1.536,1.00,1.00
2016.10.04 07:00:01.184,1.53576,1.53602,1.00,1.00
2016.10.04 07:00:01.387,1.53573,1.53599,1.00,1.00
2016.10.04 07:00:01.505,1.53575,1.53603,1.00,1.00
2016.10.04 07:00:01.555,1.53575,1.53602,1.00,1.60
2016.10.04 07:00:01.657,1.53575,1.53598,1.00,1.60
2016.10.04 07:00:01.759,1.53574,1.53603,1.00,1.60
2016.10.04 07:00:01.810,1.53576,1.53603,1.00,1.60
2016.10.04 07:00:01.860,1.53576,1.53603,1.00,1.00
2016.10.04 07:00:02.319,1.53574,1.53603,1.00,1.00
2016.10.04 07:00:02.421,1.53574,1.536,1.00,1.00
2016.10.04 07:00:02.472,1.53571,1.536,1.00,1.60
2016.10.04 07:00:02.788,1.53566,1.53594,1.00,1.00
2016.10.04 07:00:02.969,1.53566,1.53594,1.00,1.50
2016.10.04 07:00:03.407,1.5357,1.53597,1.00,1.60
2016.10.04 07:00:03.484,1.53573,1.536,1.00,2.10
2016.10.04 07:00:03.643,1.53573,1.536,1.00,1.60
2016.10.04 07:00:04.011,1.53577,1.536,1.00,1.00
2016.10.04 07:00:04.062,1.53577,1.53603,1.00,1.00
2016.10.04 07:00:04.113,1.53579,1.53606,1.00,1.60
2016.10.04 07:00:04.165,1.53579,1.53598,1.00,1.00
2016.10.04 07:00:04.396,1.53581,1.53598,1.00,1.00
2016.10.04 07:00:04.702,1.53583,1.53598,1.00,1.00
2016.10.04 07:00:05.022,1.53574,1.53598,1.00,1.00
2016.10.04 07:00:05.123,1.53569,1.53598,1.00,1.60
2016.10.04 07:00:05.337,1.53576,1.53598,1.00,1.60
2016.10.04 07:00:05.388,1.5358,1.53598,1.00,1.00
2016.10.04 07:00:05.998,1.53576,1.53598,1.00,1.00
2016.10.04 07:00:06.099,1.53575,1.53602,1.00,1.00
2016.10.04 07:00:06.150,1.53575,1.53605,1.00,1.35
2016.10.04 07:00:06.253,1.53575,1.53602,1.00,1.00
2016.10.04 07:00:06.509,1.53575,1.53601,1.00,1.60
2016.10.04 07:00:06.562,1.53575,1.53601,1.00,1.60
2016.10.04 07:00:06.765,1.53575,1.53601,1.00,1.60
2016.10.04 07:00:06.816,1.53577,1.53601,1.00,1.60
2016.10.04 07:00:06.867,1.53577,1.53601,1.00,1.60
2016.10.04 07:00:07.134,1.53576,1.536,1.00,1.60
2016.10.04 07:00:07.188,1.53576,1.53599,1.00,1.60
2016.10.04 07:00:07.340,1.53576,1.53599,1.00,2.10
2016.10.04 07:00:07.521,1.53576,1.53598,1.00,1.60
2016.10.04 07:00:07.922,1.53573,1.53598,1.00,1.60
2016.10.04 07:00:08.024,1.53573,1.536,1.00,2.10
2016.10.04 07:00:08.126,1.53576,1.53598,1.00,1.60
2016.10.04 07:00:08.227,1.53573,1.53601,1.00,1.60
2016.10.04 07:00:08.426,1.53574,1.53603,1.00,1.60
2016.10.04 07:00:08.731,1.53574,1.53603,1.00,1.60
2016.10.04 07:00:08.782,1.53572,1.53603,1.00,2.10
2016.10.04 07:00:08.838,1.53572,1.53601,1.00,1.60
2016.10.04 07:00:08.889,1.5357,1.53601,1.00,1.72
2016.10.04 07:00:09.073,1.5357,1.53602,1.00,2.10
2016.10.04 07:00:09.125,1.5357,1.53598,1.00,1.60
2016.10.04 07:00:09.176,1.5357,1.53598,1.00,1.60
2016.10.04 07:00:09.277,1.5357,1.53598,1.00,1.60
2016.10.04 07:00:09.329,1.5357,1.53602,1.00,2.10
2016.10.04 07:00:09.431,1.53569,1.53601,1.00,3.22
2016.10.04 07:00:09.482,1.53569,1.53602,1.00,1.00
2016.10.04 07:00:09.649,1.53572,1.53603,1.00,2.10
2016.10.04 07:00:09.700,1.53574,1.53603,1.00,2.10
2016.10.04 07:00:09.751,1.53574,1.53603,1.00,2.85
2016.10.04 07:00:09.802,1.53577,1.53603,1.00,2.85
2016.10.04 07:00:10.535,1.53577,1.53607,1.00,5.10
2016.10.04 07:00:10.585,1.53579,1.53607,1.00,2.85
2016.10.04 07:00:10.885,1.53581,1.53607,1.00,1.60
2016.10.04 07:00:10.936,1.53581,1.5361,1.00,1.60
2016.10.04 07:00:11.537,1.53582,1.5361,1.00,1.60
2016.10.04 07:00:11.921,1.53584,1.53613,1.00,3.22
2016.10.04 07:00:11.971,1.53584,1.53613,1.00,3.22
2016.10.04 07:00:12.096,1.53584,1.53613,1.00,2.85
2016.10.04 07:00:12.169,1.53584,1.53612,1.00,1.35
2016.10.04 07:00:12.270,1.53584,1.53613,1.00,2.47
2016.10.04 07:00:12.321,1.53584,1.53613,1.00,2.10
2016.10.04 07:00:12.523,1.53587,1.53614,1.00,2.10
2016.10.04 07:00:12.718,1.53589,1.53615,1.00,1.60
2016.10.04 07:00:13.245,1.53588,1.53613,1.00,1.60
2016.10.04 07:00:13.348,1.53588,1.53613,1.00,2.10
2016.10.04 07:00:13.399,1.53586,1.53613,1.00,2.10
2016.10.04 07:00:13.450,1.53586,1.53613,1.00,1.60
2016.10.04 07:00:13.551,1.53586,1.53613,1.00,2.10
2016.10.04 07:00:13.892,1.53583,1.53612,1.00,2.10
2016.10.04 07:00:13.943,1.53583,1.53608,1.00,1.60
2016.10.04 07:00:14.046,1.53584,1.53612,1.00,1.60
2016.10.04 07:00:14.097,1.53582,1.53612,1.00,1.60
2016.10.04 07:00:14.148,1.53582,1.53607,1.00,2.10
2016.10.04 07:00:14.199,1.5358,1.53607,1.00,2.10
2016.10.04 07:00:14.383,1.5358,1.53603,1.00,2.10
2016.10.04 07:00:14.687,1.53582,1.53603,1.00,2.10
2016.10.04 07:00:15.194,1.53583,1.53603,1.00,2.10
2016.10.04 07:00:15.839,1.53581,1.53603,1.00,2.10
2016.10.04 07:00:16.092,1.53578,1.53603,1.00,2.10
2016.10.04 07:00:16.282,1.53578,1.53599,1.00,1.60
2016.10.04 07:00:16.334,1.53577,1.53599,1.00,1.60
2016.10.04 07:00:16.691,1.53577,1.53601,1.00,1.60
2016.10.04 07:00:16.830,1.53571,1.53596,1.00,2.10
2016.10.04 07:00:16.932,1.53575,1.53596,1.00,2.10
2016.10.04 07:00:16.983,1.53575,1.53596,1.00,2.10
2016.10.04 07:00:17.034,1.53577,1.53603,1.00,2.85
2016.10.04 07:00:17.135,1.53576,1.53601,1.00,2.10
2016.10.04 07:00:17.186,1.53576,1.53601,1.00,2.10
2016.10.04 07:00:17.236,1.53578,1.53599,1.00,1.60
2016.10.04 07:00:17.287,1.53578,1.53599,1.00,1.60
2016.10.04 07:00:17.456,1.53578,1.53601,1.00,1.60
2016.10.04 07:00:17.507,1.53576,1.53601,1.00,1.60
2016.10.04 07:00:17.608,1.53576,1.53599,1.00,2.10
2016.10.04 07:00:17.659,1.53576,1.53598,1.00,1.60
2016.10.04 07:00:17.811,1.53573,1.53598,1.00,1.60
2016.10.04 07:00:17.912,1.53572,1.53598,1.00,1.60
2016.10.04 07:00:18.064,1.53572,1.53596,1.00,1.60
2016.10.04 07:00:18.216,1.53572,1.53596,1.00,1.60
2016.10.04 07:00:18.267,1.53572,1.53599,1.00,1.60
2016.10.04 07:00:18.318,1.53575,1.53599,1.00,1.60
2016.10.04 07:00:18.369,1.53575,1.536,1.00,2.47
2016.10.04 07:00:18.714,1.53576,1.536,1.00,1.30
2016.10.04 07:00:18.765,1.53576,1.53603,1.00,1.60
2016.10.04 07:00:18.815,1.53579,1.53603,1.00,1.60
2016.10.04 07:00:18.866,1.53579,1.53604,1.00,1.60
2016.10.04 07:00:19.245,1.5358,1.53607,1.00,3.60
2016.10.04 07:00:19.299,1.5358,1.53607,1.00,3.60
2016.10.04 07:00:19.642,1.5358,1.53604,1.00,1.60
2016.10.04 07:00:19.976,1.5358,1.53606,1.00,1.60
2016.10.04 07:00:20.625,1.53578,1.53606,1.00,1.60
2016.10.04 07:00:20.779,1.53578,1.53605,1.00,1.60
2016.10.04 07:00:20.830,1.53576,1.53605,1.00,1.60
2016.10.04 07:00:20.931,1.53576,1.53606,1.00,2.10
2016.10.04 07:00:21.183,1.53576,1.53605,1.00,1.60
2016.10.04 07:00:21.380,1.53576,1.53605,1.00,1.60
2016.10.04 07:00:21.431,1.53579,1.53605,1.00,1.60
2016.10.04 07:00:21.936,1.53576,1.53604,1.00,2.10
2016.10.04 07:00:22.552,1.5358,1.53604,1.00,2.10
2016.10.04 07:00:23.016,1.53582,1.53604,1.00,2.10
2016.10.04 07:00:23.117,1.53582,1.53604,1.00,2.10
2016.10.04 07:00:23.824,1.53579,1.53604,1.00,2.10
2016.10.04 07:00:23.975,1.53579,1.53602,1.00,1.60
2016.10.04 07:00:24.026,1.53579,1.53602,1.00,1.60
2016.10.04 07:00:24.387,1.53579,1.53602,1.00,1.60
2016.10.04 07:00:24.664,1.53577,1.53598,1.00,1.35
2016.10.04 07:00:24.867,1.53577,1.53598,1.00,1.60
2016.10.04 07:00:24.918,1.53577,1.53598,1.00,1.60
2016.10.04 07:00:24.969,1.53576,1.536,1.00,1.60
2016.10.04 07:00:25.121,1.53578,1.536,1.00,1.60
2016.10.04 07:00:25.423,1.53578,1.53598,1.00,1.60
2016.10.04 07:00:25.791,1.53578,1.53598,1.00,1.00
2016.10.04 07:00:25.842,1.53581,1.536,1.00,2.10
2016.10.04 07:00:26.021,1.53583,1.53605,1.00,2.10
2016.10.04 07:00:27.031,1.53582,1.53605,1.00,2.10
2016.10.04 07:00:27.132,1.53585,1.53606,1.00,1.60
2016.10.04 07:00:27.267,1.53587,1.53608,1.00,1.60
2016.10.04 07:00:27.784,1.53588,1.53609,1.00,1.60
2016.10.04 07:00:27.987,1.53588,1.53608,1.00,1.60
2016.10.04 07:00:28.772,1.53588,1.53609,1.00,1.60
2016.10.04 07:00:30.007,1.53588,1.53609,1.00,1.60
2016.10.04 07:00:30.337,1.53588,1.53609,1.00,1.60
2016.10.04 07:00:32.420,1.53588,1.53609,1.00,1.60
2016.10.04 07:00:32.962,1.53586,1.53609,1.00,1.60
2016.10.04 07:00:33.172,1.53584,1.53609,1.00,1.60
2016.10.04 07:00:33.223,1.53584,1.53606,1.00,1.60
2016.10.04 07:00:34.016,1.53584,1.53605,1.00,1.60
2016.10.04 07:00:34.763,1.53583,1.53605,1.00,1.60
2016.10.04 07:00:35.067,1.53582,1.53602,1.00,1.60
2016.10.04 07:00:35.119,1.53582,1.53602,1.00,1.60
2016.10.04 07:00:35.693,1.53582,1.53604,1.00,1.60
2016.10.04 07:00:35.795,1.53582,1.53601,1.00,1.60
2016.10.04 07:00:36.321,1.53583,1.53601,1.00,1.60
2016.10.04 07:00:36.573,1.53581,1.53601,1.00,1.60
2016.10.04 07:00:36.822,1.53581,1.536,1.00,1.35
2016.10.04 07:00:36.873,1.53579,1.536,1.00,1.35
2016.10.04 07:00:37.025,1.53579,1.53602,1.00,1.60
2016.10.04 07:00:39.184,1.53579,1.536,1.00,1.35
2016.10.04 07:00:39.389,1.53579,1.536,1.00,1.35
2016.10.04 07:00:39.541,1.53578,1.536,1.00,1.35
2016.10.04 07:00:39.643,1.53575,1.536,1.00,1.35
2016.10.04 07:00:39.925,1.53575,1.53601,1.00,1.60
2016.10.04 07:00:39.976,1.53584,1.53601,1.00,1.60
2016.10.04 07:00:40.179,1.53581,1.53601,1.00,1.60
2016.10.04 07:00:40.250,1.53583,1.53601,1.00,1.60
2016.10.04 07:00:40.302,1.53583,1.53603,1.00,1.60
2016.10.04 07:00:40.354,1.53583,1.53603,1.00,1.00
2016.10.04 07:00:40.601,1.53583,1.53603,1.00,1.00
2016.10.04 07:00:40.955,1.53586,1.53603,1.00,1.00
2016.10.04 07:00:41.323,1.53586,1.53601,1.00,1.00
2016.10.04 07:00:41.551,1.53584,1.53601,1.00,1.00
2016.10.04 07:00:41.652,1.53582,1.53601,1.00,1.00
2016.10.04 07:00:41.753,1.53579,1.53601,1.00,1.00
2016.10.04 07:00:41.854,1.53579,1.536,1.00,2.10
2016.10.04 07:00:42.075,1.53579,1.536,1.00,2.10
2016.10.04 07:00:42.666,1.5358,1.536,1.00,2.10
2016.10.04 07:00:43.084,1.53582,1.536,1.00,2.10
2016.10.04 07:00:43.237,1.53582,1.53602,1.00,1.60
2016.10.04 07:00:43.287,1.53584,1.53601,1.00,1.35
2016.10.04 07:00:43.389,1.53581,1.53602,1.00,1.60
2016.10.04 07:00:43.490,1.53581,1.53602,1.00,1.60
2016.10.04 07:00:43.715,1.53582,1.53605,1.00,1.60
2016.10.04 07:00:43.937,1.53582,1.53601,1.00,1.35
2016.10.04 07:00:43.988,1.53581,1.53601,1.00,1.35
2016.10.04 07:00:44.089,1.53581,1.53601,1.00,1.35
2016.10.04 07:00:44.261,1.53581,1.53601,1.00,1.35
2016.10.04 07:00:44.663,1.53581,1.53601,1.00,1.35
2016.10.04 07:00:44.866,1.53581,1.53601,1.00,1.35
2016.10.04 07:00:45.259,1.53581,1.53601,1.00,1.00
2016.10.04 07:00:45.310,1.53581,1.53604,1.00,1.00
2016.10.04 07:00:45.361,1.53585,1.53604,1.00,1.00
2016.10.04 07:00:45.411,1.53585,1.53607,1.00,1.60
2016.10.04 07:00:45.462,1.53583,1.53607,1.00,1.60
2016.10.04 07:00:45.513,1.53583,1.53603,1.00,1.35
2016.10.04 07:00:45.614,1.53581,1.53602,1.00,1.00
2016.10.04 07:00:46.133,1.5358,1.53602,1.00,1.00
2016.10.04 07:00:46.183,1.53582,1.53602,1.00,1.00
2016.10.04 07:00:46.472,1.53584,1.53606,1.00,1.60
2016.10.04 07:00:46.675,1.53582,1.53605,1.00,1.60
2016.10.04 07:00:47.652,1.53585,1.53605,1.00,1.60
2016.10.04 07:00:47.702,1.53585,1.53606,1.00,1.60
2016.10.04 07:00:48.021,1.53585,1.53605,1.00,1.60
2016.10.04 07:00:48.072,1.53581,1.53605,1.00,1.60
2016.10.04 07:00:49.692,1.53583,1.53605,1.00,1.60
2016.10.04 07:00:50.178,1.53579,1.53604,1.00,1.60
2016.10.04 07:00:51.478,1.53582,1.53604,1.00,1.60
2016.10.04 07:00:53.189,1.53582,1.53604,1.00,2.10
2016.10.04 07:00:53.290,1.53582,1.536,1.00,1.00
2016.10.04 07:00:53.392,1.5358,1.53604,1.00,1.72
2016.10.04 07:00:53.443,1.5358,1.53604,1.00,1.35
2016.10.04 07:00:53.716,1.5358,1.53604,1.00,1.00
2016.10.04 07:00:53.818,1.53581,1.53606,1.00,1.60
2016.10.04 07:00:53.961,1.53581,1.53609,1.00,1.60
2016.10.04 07:00:54.469,1.53584,1.5361,1.00,1.60
2016.10.04 07:00:54.520,1.53584,1.53607,1.00,1.00
2016.10.04 07:00:54.832,1.53586,1.53607,1.00,1.00
2016.10.04 07:00:55.515,1.53586,1.53611,1.00,1.60
2016.10.04 07:00:55.616,1.53586,1.53615,1.00,1.87
2016.10.04 07:00:55.666,1.53599,1.53618,1.00,1.75
2016.10.04 07:00:55.717,1.536,1.53619,1.00,1.95
2016.10.04 07:00:55.768,1.53607,1.53619,1.00,1.20
2016.10.04 07:00:55.819,1.53607,1.5363,1.00,3.22
2016.10.04 07:00:55.870,1.53607,1.5363,1.00,2.85
2016.10.04 07:00:55.921,1.53607,1.53634,1.00,1.60
2016.10.04 07:00:56.237,1.5361,1.53632,1.00,1.60
2016.10.04 07:00:56.389,1.53612,1.53632,1.00,1.60
2016.10.04 07:00:56.490,1.53605,1.53632,1.00,2.10
2016.10.04 07:00:56.591,1.53609,1.53632,1.00,2.10
2016.10.04 07:00:56.642,1.53609,1.5363,1.00,1.35
2016.10.04 07:00:56.814,1.53606,1.5363,1.00,1.35
2016.10.04 07:00:57.222,1.53606,1.5363,1.00,1.35
2016.10.04 07:00:57.475,1.53606,1.5363,1.00,1.00
2016.10.04 07:00:57.649,1.5361,1.53633,1.00,1.00
2016.10.04 07:00:57.700,1.5361,1.53635,1.00,1.60
2016.10.04 07:00:57.751,1.5361,1.53638,1.00,1.60
2016.10.04 07:00:57.801,1.53613,1.53638,1.00,1.60
2016.10.04 07:00:57.852,1.53613,1.53638,1.00,1.35
2016.10.04 07:00:58.156,1.53613,1.53641,1.00,1.60
2016.10.04 07:00:58.312,1.53612,1.53643,1.00,1.60
2016.10.04 07:00:58.384,1.53615,1.53647,1.00,2.10
2016.10.04 07:00:58.557,1.53613,1.53647,1.00,2.10
2016.10.04 07:00:59.065,1.53614,1.53647,1.00,2.10
2016.10.04 07:00:59.219,1.53612,1.53647,1.50,2.10
2016.10.04 07:00:59.270,1.5361,1.53642,1.00,1.00
2016.10.04 07:00:59.321,1.5361,1.53642,1.00,1.00
2016.10.04 07:00:59.422,1.5361,1.5364,1.00,1.00
2016.10.04 07:01:00.089,1.5361,1.5364,1.00,1.50
2016.10.04 07:01:00.318,1.53609,1.5364,1.00,2.25
2016.10.04 07:01:00.471,1.53612,1.5364,1.00,1.00
2016.10.04 07:01:00.572,1.53609,1.5364,1.00,1.00
2016.10.04 07:01:00.914,1.53609,1.53638,1.00,1.00
2016.10.04 07:01:01.019,1.53608,1.53638,1.50,1.00
2016.10.04 07:01:01.185,1.53608,1.53638,1.00,1.00
2016.10.04 07:01:01.237,1.53606,1.53637,1.00,1.00
2016.10.04 07:01:01.338,1.53606,1.53637,1.00,1.00
2016.10.04 07:01:01.499,1.53606,1.53637,1.00,1.50
2016.10.04 07:01:01.550,1.53606,1.53637,1.00,2.10
2016.10.04 07:01:01.601,1.53606,1.53636,1.00,1.00
2016.10.04 07:01:01.652,1.53604,1.53635,1.50,1.00
2016.10.04 07:01:01.707,1.53604,1.53635,1.00,1.00
2016.10.04 07:01:01.808,1.53604,1.53635,1.50,1.00
2016.10.04 07:01:01.960,1.53604,1.53635,1.00,1.00
2016.10.04 07:01:02.283,1.53605,1.53633,1.00,1.00
2016.10.04 07:01:02.485,1.53605,1.53635,1.00,2.25
2016.10.04 07:01:02.586,1.53605,1.53635,1.00,1.50
2016.10.04 07:01:02.688,1.53605,1.53635,1.00,2.25
2016.10.04 07:01:03.170,1.53605,1.53635,1.00,1.50
2016.10.04 07:01:03.939,1.53605,1.53635,1.00,1.00
2016.10.04 07:01:04.599,1.53605,1.53634,1.00,1.00
2016.10.04 07:01:05.141,1.53604,1.53634,1.00,1.00
2016.10.04 07:01:05.555,1.53604,1.53636,1.50,1.35
2016.10.04 07:01:06.008,1.53604,1.53636,2.25,1.35
2016.10.04 07:01:06.176,1.53604,1.53636,2.25,1.00
2016.10.04 07:01:06.378,1.53606,1.53639,1.00,1.50
2016.10.04 07:01:06.429,1.53606,1.53639,1.00,1.00
2016.10.04 07:01:06.480,1.53605,1.53636,1.00,1.00
2016.10.04 07:01:06.530,1.53605,1.53636,1.00,1.00
2016.10.04 07:01:07.264,1.53604,1.53634,1.50,1.00
2016.10.04 07:01:07.315,1.53604,1.53632,1.00,1.00
2016.10.04 07:01:07.863,1.53603,1.53633,1.00,1.00
2016.10.04 07:01:08.860,1.53603,1.53634,1.00,1.00
2016.10.04 07:01:10.771,1.53604,1.53636,1.50,1.50
2016.10.04 07:01:10.872,1.53604,1.53634,1.00,1.00
2016.10.04 07:01:11.023,1.53605,1.53636,1.00,1.00
2016.10.04 07:01:11.074,1.53605,1.53638,1.00,1.00
2016.10.04 07:01:11.332,1.53605,1.53638,1.50,1.00
2016.10.04 07:01:11.509,1.53606,1.53638,1.00,1.00
2016.10.04 07:01:11.676,1.53608,1.53639,1.00,1.00
2016.10.04 07:01:11.746,1.53608,1.53639,1.00,1.50
2016.10.04 07:01:11.797,1.53607,1.53637,1.00,1.00
2016.10.04 07:01:11.949,1.53608,1.53639,1.00,1.00
2016.10.04 07:01:11.999,1.53608,1.53639,1.50,1.00
2016.10.04 07:01:12.050,1.53609,1.5364,1.00,1.00
2016.10.04 07:01:12.327,1.53609,1.5364,1.50,1.00
2016.10.04 07:01:12.378,1.53614,1.5364,1.00,1.00
2016.10.04 07:01:12.429,1.53614,1.5364,1.00,1.50
2016.10.04 07:01:12.480,1.53609,1.5364,1.00,1.50
2016.10.04 07:01:12.631,1.53609,1.53639,1.00,1.00
2016.10.04 07:01:13.058,1.53608,1.5364,1.00,1.50
2016.10.04 07:01:13.159,1.53608,1.5364,1.00,1.00
2016.10.04 07:01:13.412,1.53608,1.5364,1.00,1.50
2016.10.04 07:01:13.462,1.53606,1.53638,1.00,1.50
2016.10.04 07:01:13.513,1.53609,1.53638,1.00,1.50
2016.10.04 07:01:13.651,1.53609,1.53638,1.00,1.00
2016.10.04 07:01:13.712,1.53609,1.5364,1.50,1.00
2016.10.04 07:01:13.813,1.53609,1.5364,1.00,1.00
2016.10.04 07:01:13.864,1.53609,1.5364,1.00,1.50
2016.10.04 07:01:13.914,1.53609,1.5364,1.00,2.25
2016.10.04 07:01:14.066,1.53607,1.5364,1.00,2.25
2016.10.04 07:01:14.373,1.53606,1.53637,1.00,1.00
2016.10.04 07:01:15.830,1.53605,1.53636,1.00,1.00
2016.10.04 07:01:17.251,1.53606,1.53639,1.00,1.00
2016.10.04 07:01:17.302,1.5361,1.5364,1.00,1.00
2016.10.04 07:01:17.809,1.53609,1.5364,1.00,1.00
2016.10.04 07:01:18.339,1.53609,1.53639,1.00,1.00
2016.10.04 07:01:18.809,1.53608,1.53639,1.00,1.00
2016.10.04 07:01:19.114,1.53608,1.53639,1.50,1.00
2016.10.04 07:01:19.622,1.5361,1.5364,1.00,1.00
2016.10.04 07:01:19.773,1.53603,1.53636,1.12,1.00
2016.10.04 07:01:19.824,1.53603,1.53636,1.00,1.00
2016.10.04 07:01:19.875,1.53603,1.53636,1.00,1.50
2016.10.04 07:01:19.926,1.53603,1.53636,1.50,1.50
2016.10.04 07:01:20.080,1.53605,1.53636,1.00,1.00
2016.10.04 07:01:20.131,1.53611,1.53641,1.00,1.00
2016.10.04 07:01:20.283,1.53608,1.53641,1.00,1.00
2016.10.04 07:01:20.566,1.53608,1.53641,1.00,1.50
2016.10.04 07:01:20.797,1.53608,1.53641,1.00,2.10
2016.10.04 07:01:20.899,1.53602,1.53629,1.00,1.00
2016.10.04 07:01:20.950,1.53599,1.53629,1.00,1.00
2016.10.04 07:01:21.122,1.53595,1.53627,1.00,1.00
2016.10.04 07:01:21.173,1.5359,1.53622,1.00,1.00
2016.10.04 07:01:21.375,1.5359,1.53622,1.00,1.00
2016.10.04 07:01:21.667,1.53594,1.53622,1.00,1.00
2016.10.04 07:01:21.919,1.53593,1.53624,1.00,1.00
2016.10.04 07:01:22.021,1.53593,1.53624,1.00,1.50
2016.10.04 07:01:22.183,1.53591,1.53624,1.00,1.00
2016.10.04 07:01:22.588,1.53593,1.53624,1.00,1.00
2016.10.04 07:01:22.892,1.53591,1.53624,1.00,1.60
2016.10.04 07:01:23.045,1.53583,1.5361,1.00,1.00
2016.10.04 07:01:23.096,1.53574,1.53604,1.00,1.00
2016.10.04 07:01:23.400,1.53573,1.53604,1.00,1.00
2016.10.04 07:01:23.611,1.53568,1.53602,1.00,1.50
2016.10.04 07:01:23.661,1.53573,1.53602,1.00,1.50
2016.10.04 07:01:24.199,1.53574,1.53602,1.00,1.50
2016.10.04 07:01:24.436,1.53571,1.53601,1.00,1.00
2016.10.04 07:01:25.282,1.53571,1.53601,1.00,1.50
2016.10.04 07:01:25.388,1.53571,1.53601,1.00,2.25
2016.10.04 07:01:25.489,1.53571,1.53601,1.00,1.50
2016.10.04 07:01:25.601,1.53571,1.53601,1.00,2.25
2016.10.04 07:01:25.652,1.53571,1.53601,1.00,1.50
2016.10.04 07:01:25.803,1.5357,1.53601,1.00,1.00
2016.10.04 07:01:25.904,1.53572,1.53602,1.00,1.50
2016.10.04 07:01:26.079,1.53572,1.53602,1.00,1.00
2016.10.04 07:01:26.130,1.53561,1.53591,1.12,1.00
2016.10.04 07:01:26.282,1.53561,1.53591,1.12,1.50
2016.10.04 07:01:26.333,1.53559,1.53591,1.37,1.00
2016.10.04 07:01:26.383,1.53559,1.53588,1.37,1.00
2016.10.04 07:01:26.439,1.53557,1.53588,1.00,1.50
2016.10.04 07:01:26.711,1.53557,1.53587,1.00,1.00
2016.10.04 07:01:26.813,1.53553,1.53585,1.00,1.00
2016.10.04 07:01:26.914,1.53553,1.53585,1.00,1.00
2016.10.04 07:01:26.965,1.53554,1.53585,1.00,1.00
2016.10.04 07:01:27.306,1.53553,1.53585,1.00,1.00
2016.10.04 07:01:27.598,1.53554,1.53585,1.00,1.00
2016.10.04 07:01:28.466,1.53553,1.53585,1.00,1.00
2016.10.04 07:01:28.835,1.53555,1.53587,1.00,1.00
2016.10.04 07:01:28.986,1.53555,1.53588,1.00,1.50
2016.10.04 07:01:29.088,1.53555,1.53588,1.00,1.50
2016.10.04 07:01:29.281,1.53555,1.53587,1.00,1.00
2016.10.04 07:01:29.332,1.53555,1.53587,1.00,1.50
2016.10.04 07:01:29.383,1.53555,1.53587,1.00,1.00
2016.10.04 07:01:29.485,1.53555,1.53589,1.00,2.25
2016.10.04 07:01:29.535,1.53556,1.53589,1.00,2.25
2016.10.04 07:01:29.586,1.53556,1.53588,1.00,1.00
2016.10.04 07:01:29.688,1.53556,1.53589,1.00,1.50
2016.10.04 07:01:30.220,1.53554,1.53584,1.00,1.00
2016.10.04 07:01:30.271,1.53551,1.53584,2.25,1.00
2016.10.04 07:01:30.321,1.53551,1.53584,1.87,1.50
2016.10.04 07:01:30.372,1.53551,1.53584,1.00,2.25
2016.10.04 07:01:30.423,1.53551,1.53582,1.00,1.00
2016.10.04 07:01:30.602,1.53551,1.53582,1.00,1.50
2016.10.04 07:01:30.653,1.53549,1.5358,1.00,1.00
2016.10.04 07:01:30.883,1.53553,1.53582,1.00,1.00
2016.10.04 07:01:30.934,1.53554,1.53587,1.00,2.25
2016.10.04 07:01:30.985,1.53554,1.53587,1.00,1.50
2016.10.04 07:01:31.262,1.53554,1.53587,1.50,1.50
2016.10.04 07:01:31.514,1.53554,1.53584,1.00,1.00
2016.10.04 07:01:32.020,1.53554,1.53585,1.00,1.00
2016.10.04 07:01:32.465,1.53554,1.53586,1.50,1.00
2016.10.04 07:01:32.516,1.53555,1.53582,1.00,1.00
2016.10.04 07:01:32.618,1.53555,1.53585,1.00,1.00
2016.10.04 07:01:32.773,1.53555,1.53585,1.00,1.00
2016.10.04 07:01:33.045,1.53555,1.53586,1.50,1.00
2016.10.04 07:01:33.251,1.53556,1.53588,1.00,1.00
2016.10.04 07:01:33.354,1.53556,1.53588,1.50,1.00
2016.10.04 07:01:33.799,1.53558,1.53588,1.00,1.00
2016.10.04 07:01:34.327,1.53558,1.53589,1.00,1.00
2016.10.04 07:01:34.829,1.53559,1.53589,1.00,1.00
2016.10.04 07:01:34.879,1.53564,1.53589,1.00,1.00
2016.10.04 07:01:34.931,1.53564,1.53591,1.00,1.00
2016.10.04 07:01:34.982,1.53562,1.53591,1.00,1.00
2016.10.04 07:01:35.616,1.53562,1.53591,1.00,1.50
2016.10.04 07:01:35.942,1.53562,1.53591,1.00,1.00
2016.10.04 07:01:36.533,1.53562,1.5359,1.00,1.00
2016.10.04 07:01:36.935,1.53562,1.53594,1.00,1.00
2016.10.04 07:01:36.986,1.53562,1.53594,1.00,1.50
2016.10.04 07:01:37.037,1.53562,1.53592,1.50,1.00
2016.10.04 07:01:37.359,1.53562,1.53592,1.00,1.50
2016.10.04 07:01:37.949,1.53561,1.5359,1.00,1.00
2016.10.04 07:01:38.357,1.53561,1.53592,1.00,1.50
2016.10.04 07:01:38.458,1.5356,1.53591,1.00,1.00
2016.10.04 07:01:38.791,1.5356,1.53592,1.00,1.50
2016.10.04 07:01:38.842,1.5356,1.53591,1.00,1.00
2016.10.04 07:01:38.943,1.53559,1.5359,1.50,1.00
2016.10.04 07:01:39.068,1.53562,1.53591,1.00,1.00
2016.10.04 07:01:39.237,1.53562,1.53589,1.00,1.00
2016.10.04 07:01:39.288,1.53559,1.53589,1.50,1.00
2016.10.04 07:01:39.338,1.5356,1.53591,1.00,1.00
2016.10.04 07:01:39.389,1.53562,1.53591,1.00,1.00
2016.10.04 07:01:40.053,1.53564,1.53591,1.00,1.00
2016.10.04 07:01:40.154,1.53564,1.53593,1.00,1.50
2016.10.04 07:01:40.205,1.53564,1.53593,1.00,1.00
2016.10.04 07:01:40.357,1.5356,1.53594,1.50,1.50
2016.10.04 07:01:40.408,1.53563,1.53594,1.00,1.00
2016.10.04 07:01:40.674,1.53563,1.53594,1.50,1.00
2016.10.04 07:01:41.213,1.53563,1.53593,1.50,1.00
2016.10.04 07:01:41.690,1.53564,1.53593,1.00,1.00
2016.10.04 07:01:42.368,1.53564,1.53593,1.00,1.50
2016.10.04 07:01:42.418,1.53563,1.53593,1.00,1.00
2016.10.04 07:01:42.519,1.53563,1.53595,1.50,1.00
2016.10.04 07:01:42.570,1.53564,1.53595,1.00,1.00
2016.10.04 07:01:42.621,1.53565,1.53599,1.00,2.25
2016.10.04 07:01:42.723,1.53572,1.53599,1.00,1.50
2016.10.04 07:01:42.879,1.53571,1.53599,1.00,1.00
2016.10.04 07:01:43.152,1.53574,1.536,1.00,2.25
2016.10.04 07:01:43.254,1.53574,1.536,1.50,1.50
2016.10.04 07:01:43.305,1.53574,1.536,1.00,1.00
2016.10.04 07:01:43.356,1.53576,1.53604,1.00,1.00
2016.10.04 07:01:43.457,1.53578,1.53604,1.00,1.50
2016.10.04 07:01:43.598,1.53574,1.53604,1.50,1.50
2016.10.04 07:01:43.649,1.53577,1.53604,1.00,1.00
2016.10.04 07:01:43.700,1.53577,1.53606,1.00,1.50
2016.10.04 07:01:43.751,1.53582,1.53605,1.00,1.00
2016.10.04 07:01:43.852,1.53587,1.5361,1.00,1.12
2016.10.04 07:01:43.903,1.53587,1.53615,1.00,1.75
2016.10.04 07:01:43.954,1.53587,1.53614,1.00,1.37
2016.10.04 07:01:44.004,1.53587,1.53614,1.00,1.00
2016.10.04 07:01:44.055,1.53591,1.53614,1.00,1.00
2016.10.04 07:01:44.202,1.53588,1.53614,1.00,1.00
2016.10.04 07:01:44.407,1.53588,1.53614,1.00,1.00
2016.10.04 07:01:44.660,1.5359,1.53615,1.00,1.00
2016.10.04 07:01:44.974,1.5359,1.53615,1.00,1.50
2016.10.04 07:01:45.076,1.53588,1.53615,1.00,1.50
2016.10.04 07:01:45.177,1.53588,1.53615,1.00,1.00
2016.10.04 07:01:45.512,1.53588,1.53612,1.00,1.00
2016.10.04 07:01:45.665,1.53586,1.5361,1.00,1.50
2016.10.04 07:01:45.868,1.53583,1.5361,1.00,1.50
2016.10.04 07:01:46.071,1.53587,1.5361,1.00,1.00
2016.10.04 07:01:47.074,1.53587,1.53608,1.00,1.00
2016.10.04 07:01:47.175,1.53587,1.53608,1.00,1.00
2016.10.04 07:01:47.276,1.53587,1.53608,1.00,1.00
2016.10.04 07:01:47.378,1.5359,1.53608,1.00,1.00
2016.10.04 07:01:47.611,1.53589,1.53611,1.00,1.00
2016.10.04 07:01:47.947,1.53588,1.53607,1.00,1.00
2016.10.04 07:01:47.998,1.53583,1.53607,1.00,1.00
2016.10.04 07:01:48.196,1.5359,1.53607,1.00,1.00
2016.10.04 07:01:48.248,1.5359,1.53619,1.00,1.75
2016.10.04 07:01:48.298,1.53598,1.53621,1.00,1.00
2016.10.04 07:01:48.349,1.53598,1.53625,1.00,1.00
2016.10.04 07:01:48.400,1.53598,1.53625,1.00,1.00
2016.10.04 07:01:48.708,1.53601,1.53628,1.00,1.00
2016.10.04 07:01:48.920,1.53598,1.53628,1.00,1.00
2016.10.04 07:01:48.973,1.53597,1.53626,1.00,1.00
2016.10.04 07:01:49.125,1.53597,1.53626,1.00,1.00
2016.10.04 07:01:49.176,1.53595,1.53626,1.00,1.00
2016.10.04 07:01:49.886,1.53595,1.53625,1.00,1.00
2016.10.04 07:01:50.038,1.53595,1.53623,1.00,1.00
2016.10.04 07:01:50.137,1.53595,1.53626,1.00,1.00
2016.10.04 07:01:50.187,1.53598,1.53626,1.00,1.00
2016.10.04 07:01:50.248,1.53598,1.53622,1.00,1.00
2016.10.04 07:01:50.778,1.53597,1.53622,1.00,1.00
2016.10.04 07:01:50.838,1.53597,1.53625,1.00,1.00
2016.10.04 07:01:50.990,1.53594,1.53623,1.00,1.00
2016.10.04 07:01:51.204,1.53596,1.53624,1.00,1.00
2016.10.04 07:01:51.895,1.53592,1.53624,1.00,1.00
2016.10.04 07:01:51.945,1.53592,1.53622,1.00,1.00
2016.10.04 07:01:52.567,1.53594,1.53622,1.00,1.00
2016.10.04 07:01:52.795,1.53592,1.53622,1.00,1.00
2016.10.04 07:01:52.947,1.53592,1.53622,1.00,1.00
2016.10.04 07:01:52.998,1.53592,1.53622,1.00,1.00
2016.10.04 07:01:53.388,1.53595,1.53622,1.00,1.00
2016.10.04 07:01:53.490,1.53595,1.53624,1.00,1.00
2016.10.04 07:01:53.591,1.53592,1.53618,1.00,1.00
2016.10.04 07:01:53.743,1.53591,1.53618,1.00,1.00
2016.10.04 07:01:54.109,1.53585,1.53613,1.00,1.00
2016.10.04 07:01:54.854,1.53585,1.53615,1.00,1.00
2016.10.04 07:01:54.905,1.53585,1.53615,1.00,1.00
2016.10.04 07:01:54.956,1.53585,1.53619,1.00,1.00
2016.10.04 07:01:55.007,1.53589,1.53619,1.00,1.00
2016.10.04 07:01:55.295,1.53592,1.53619,1.00,1.00
2016.10.04 07:01:55.598,1.53595,1.53621,1.00,1.00
2016.10.04 07:01:57.814,1.53597,1.53621,1.00,1.00
2016.10.04 07:01:57.966,1.53597,1.53625,1.00,1.00
2016.10.04 07:01:58.017,1.53599,1.53625,1.00,1.00
2016.10.04 07:01:58.217,1.53605,1.53632,1.00,1.00
2016.10.04 07:01:58.487,1.53603,1.53632,1.00,1.00
2016.10.04 07:01:58.538,1.53603,1.53632,1.00,1.00
2016.10.04 07:01:58.588,1.53603,1.5363,1.00,1.00
2016.10.04 07:01:59.015,1.536,1.5363,1.00,1.00
2016.10.04 07:01:59.222,1.536,1.5363,1.00,1.00
2016.10.04 07:01:59.273,1.53599,1.53627,1.00,1.00
2016.10.04 07:01:59.323,1.53599,1.53627,1.00,1.00
2016.10.04 07:01:59.475,1.53597,1.53627,1.00,1.00
2016.10.04 07:01:59.785,1.53594,1.53625,1.00,1.00
2016.10.04 07:02:00.166,1.53594,1.53625,1.50,1.00
2016.10.04 07:02:00.376,1.53592,1.53621,1.00,1.50
2016.10.04 07:02:00.834,1.53593,1.5362,1.00,1.00
2016.10.04 07:02:01.109,1.53591,1.5362,1.00,1.00
2016.10.04 07:02:01.159,1.53591,1.53622,1.00,1.00
2016.10.04 07:02:01.210,1.53591,1.53622,1.00,1.50
2016.10.04 07:02:01.376,1.53591,1.53621,1.00,1.00
2016.10.04 07:02:01.485,1.53586,1.53616,1.00,1.00
2016.10.04 07:02:01.666,1.53594,1.53616,1.00,1.00
2016.10.04 07:02:01.768,1.53586,1.53616,1.00,1.00
2016.10.04 07:02:01.919,1.53592,1.5362,1.00,1.00
2016.10.04 07:02:02.307,1.53594,1.5362,1.00,1.00
2016.10.04 07:02:02.527,1.53594,1.53622,1.00,1.00
2016.10.04 07:02:02.774,1.53593,1.53622,1.00,1.50
2016.10.04 07:02:02.876,1.53592,1.53622,1.00,1.00
2016.10.04 07:02:03.032,1.53593,1.53622,1.50,1.00
2016.10.04 07:02:03.184,1.53594,1.53625,1.00,1.00
2016.10.04 07:02:03.285,1.53594,1.53625,1.50,1.00
2016.10.04 07:02:03.488,1.53595,1.53625,1.00,1.00
2016.10.04 07:02:03.781,1.53597,1.53625,1.00,1.00
2016.10.04 07:02:04.084,1.53601,1.53629,1.00,1.00
2016.10.04 07:02:04.808,1.53599,1.53629,1.50,1.00
2016.10.04 07:02:05.310,1.53601,1.53632,1.00,1.50
2016.10.04 07:02:05.429,1.536,1.53629,1.00,1.00
2016.10.04 07:02:05.681,1.53598,1.53629,1.50,1.00
2016.10.04 07:02:05.732,1.53599,1.5363,1.00,1.00
2016.10.04 07:02:06.086,1.53599,1.5363,1.00,1.50
2016.10.04 07:02:06.137,1.53597,1.53627,1.00,1.00
2016.10.04 07:02:06.709,1.53597,1.53627,1.50,1.00
2016.10.04 07:02:06.811,1.53597,1.53627,1.00,1.00
2016.10.04 07:02:07.114,1.53595,1.53624,1.00,1.00
2016.10.04 07:02:07.554,1.53593,1.53624,1.00,1.00
2016.10.04 07:02:07.788,1.53592,1.53622,1.00,1.00
2016.10.04 07:02:08.335,1.53593,1.53622,1.00,1.00
2016.10.04 07:02:08.823,1.53593,1.53622,1.50,1.00
2016.10.04 07:02:09.078,1.53604,1.53629,1.00,1.00
2016.10.04 07:02:09.129,1.53608,1.53634,1.00,1.00
2016.10.04 07:02:09.180,1.53608,1.53634,1.00,1.00
2016.10.04 07:02:09.230,1.5361,1.53642,1.00,1.00
2016.10.04 07:02:09.281,1.53614,1.53645,1.00,1.37
2016.10.04 07:02:09.332,1.53614,1.53638,1.00,1.00
2016.10.04 07:02:09.485,1.53606,1.53638,1.00,1.00
2016.10.04 07:02:09.669,1.53608,1.53638,1.00,1.00
2016.10.04 07:02:09.720,1.53618,1.53643,1.00,1.00
2016.10.04 07:02:09.771,1.53618,1.53643,1.00,1.00
2016.10.04 07:02:09.874,1.53622,1.53649,1.00,1.00
2016.10.04 07:02:10.127,1.5362,1.53649,1.00,1.00
2016.10.04 07:02:11.077,1.53621,1.53649,1.00,1.00
2016.10.04 07:02:12.219,1.53619,1.53649,1.00,1.00
2016.10.04 07:02:12.320,1.53619,1.53651,1.00,1.12
2016.10.04 07:02:12.421,1.53619,1.53647,1.00,1.00
2016.10.04 07:02:12.651,1.53616,1.53644,1.00,1.00
2016.10.04 07:02:13.263,1.53617,1.53644,1.00,1.00
2016.10.04 07:02:13.467,1.53613,1.53643,1.00,1.00
2016.10.04 07:02:13.518,1.5361,1.5364,1.00,1.00
2016.10.04 07:02:13.620,1.53608,1.53636,1.00,1.00
2016.10.04 07:02:13.896,1.53605,1.53636,1.00,1.00
2016.10.04 07:02:14.258,1.53607,1.53636,1.00,1.00
2016.10.04 07:02:14.587,1.53605,1.53632,1.00,1.00
2016.10.04 07:02:15.093,1.53606,1.53632,1.00,1.00
2016.10.04 07:02:15.399,1.53604,1.5363,1.00,1.00
2016.10.04 07:02:15.703,1.53608,1.53632,1.00,1.00
2016.10.04 07:02:16.106,1.53608,1.53645,1.00,1.75
2016.10.04 07:02:16.157,1.53616,1.53645,1.00,1.75
2016.10.04 07:02:16.258,1.53616,1.53645,1.00,1.00
2016.10.04 07:02:16.309,1.53616,1.53647,1.00,1.00
2016.10.04 07:02:16.360,1.53614,1.53647,1.00,1.00
2016.10.04 07:02:17.106,1.53615,1.53645,1.00,1.00
2016.10.04 07:02:17.272,1.53615,1.53645,1.00,1.00
2016.10.04 07:02:17.698,1.53615,1.53645,1.00,1.00
2016.10.04 07:02:18.637,1.53614,1.53641,1.00,1.00
2016.10.04 07:02:18.738,1.53612,1.53641,1.00,1.00
2016.10.04 07:02:19.123,1.53611,1.53639,1.00,1.00
2016.10.04 07:02:19.599,1.53615,1.53642,1.00,1.00
2016.10.04 07:02:19.953,1.53615,1.53644,1.00,1.00
2016.10.04 07:02:20.055,1.53617,1.53646,1.00,1.00
2016.10.04 07:02:20.280,1.5362,1.53646,1.00,1.00
2016.10.04 07:02:20.563,1.53619,1.53648,1.00,1.00
2016.10.04 07:02:20.765,1.53621,1.53648,1.00,1.00
2016.10.04 07:02:20.983,1.53614,1.53643,1.00,1.00
2016.10.04 07:02:21.034,1.53614,1.5364,1.00,1.00
2016.10.04 07:02:21.085,1.53614,1.5364,1.50,1.00
2016.10.04 07:02:21.135,1.53614,1.5364,1.00,1.00
2016.10.04 07:02:21.288,1.53613,1.5364,1.50,1.00
2016.10.04 07:02:21.339,1.53613,1.5364,1.00,1.00
2016.10.04 07:02:21.440,1.53613,1.53642,1.50,1.00
2016.10.04 07:02:21.645,1.53616,1.53642,1.00,1.00
2016.10.04 07:02:22.223,1.53614,1.53641,1.00,1.00
2016.10.04 07:02:22.274,1.53614,1.53639,1.00,1.00
2016.10.04 07:02:22.324,1.53614,1.53642,1.00,1.00
2016.10.04 07:02:22.739,1.53617,1.53642,1.00,1.00
2016.10.04 07:02:23.251,1.53617,1.53641,1.00,1.00
2016.10.04 07:02:23.555,1.53615,1.53641,1.00,1.00
2016.10.04 07:02:23.657,1.53613,1.53641,1.50,1.00
2016.10.04 07:02:23.972,1.53614,1.53641,1.00,1.00
2016.10.04 07:02:24.268,1.53616,1.53647,1.00,1.00
2016.10.04 07:02:24.743,1.53614,1.53642,1.50,1.00
2016.10.04 07:02:24.794,1.53614,1.53642,1.00,1.00
2016.10.04 07:02:24.947,1.53615,1.5364,1.00,1.00
2016.10.04 07:02:25.458,1.53614,1.53641,1.00,1.00
2016.10.04 07:02:25.913,1.53612,1.53641,1.50,1.00
2016.10.04 07:02:26.117,1.53613,1.53641,1.00,1.00
2016.10.04 07:02:26.522,1.53614,1.53638,1.00,1.00
2016.10.04 07:02:27.465,1.53614,1.5364,1.00,1.00
2016.10.04 07:02:28.526,1.53614,1.53643,1.50,1.00
2016.10.04 07:02:28.729,1.53623,1.53643,1.00,1.00
2016.10.04 07:02:29.028,1.53617,1.53646,1.00,1.00
2016.10.04 07:02:29.357,1.53619,1.53646,1.00,1.00
2016.10.04 07:02:29.886,1.53618,1.53646,1.00,1.00
2016.10.04 07:02:30.422,1.53619,1.53647,1.00,1.00
2016.10.04 07:02:30.729,1.53624,1.53647,1.00,1.00
2016.10.04 07:02:32.308,1.53619,1.53647,1.00,1.00
2016.10.04 07:02:32.359,1.53614,1.53643,1.50,1.00
2016.10.04 07:02:33.537,1.53624,1.5365,1.00,1.00
2016.10.04 07:02:34.087,1.53623,1.5365,1.00,1.00
2016.10.04 07:02:34.615,1.53623,1.53651,1.00,1.00
2016.10.04 07:02:34.869,1.53623,1.53646,1.00,1.00
2016.10.04 07:02:35.463,1.53624,1.53646,1.00,1.00
2016.10.04 07:02:35.666,1.53624,1.53648,1.00,1.00
2016.10.04 07:02:36.197,1.53623,1.53648,1.00,1.00
2016.10.04 07:02:36.909,1.53625,1.53654,1.50,1.00
2016.10.04 07:02:37.162,1.53627,1.53654,1.00,1.00
2016.10.04 07:02:37.708,1.53626,1.53654,1.00,1.00
2016.10.04 07:02:37.809,1.53625,1.53654,1.00,1.00
2016.10.04 07:02:37.860,1.53624,1.53647,1.00,1.00
2016.10.04 07:02:38.267,1.53623,1.5365,1.00,1.00
2016.10.04 07:02:38.368,1.5363,1.53654,1.00,1.00
2016.10.04 07:02:38.470,1.53631,1.53656,1.00,1.00
2016.10.04 07:02:38.751,1.53631,1.53658,1.00,1.00
2016.10.04 07:02:39.186,1.53631,1.53661,1.50,1.00
2016.10.04 07:02:39.389,1.53631,1.53662,1.00,1.00
2016.10.04 07:02:39.621,1.53626,1.53661,1.00,1.00
2016.10.04 07:02:39.780,1.53627,1.53656,1.00,1.00
2016.10.04 07:02:39.831,1.53627,1.53656,1.00,2.10
2016.10.04 07:02:39.882,1.53618,1.53651,1.75,1.00
2016.10.04 07:02:39.984,1.53618,1.53651,1.37,1.00
2016.10.04 07:02:40.035,1.53618,1.53651,1.00,1.00
2016.10.04 07:02:40.257,1.53616,1.53651,1.00,1.00
2016.10.04 07:02:40.860,1.53613,1.53646,1.75,1.00
2016.10.04 07:02:41.000,1.53614,1.53646,1.50,1.00
2016.10.04 07:02:41.051,1.53614,1.53646,1.00,1.00
2016.10.04 07:02:41.355,1.53614,1.53644,1.00,1.00
2016.10.04 07:02:41.910,1.53613,1.53644,1.00,1.00
2016.10.04 07:02:42.418,1.53614,1.53644,1.00,1.00
2016.10.04 07:02:42.469,1.53607,1.53641,1.00,1.00
2016.10.04 07:02:44.135,1.53606,1.53641,1.00,1.00
2016.10.04 07:02:44.680,1.53606,1.53642,1.00,1.00
2016.10.04 07:02:45.080,1.53609,1.53642,1.00,1.00
2016.10.04 07:02:45.357,1.53609,1.53638,1.50,1.00
2016.10.04 07:02:45.680,1.53609,1.53646,1.50,1.60
2016.10.04 07:02:45.731,1.53614,1.53646,1.00,1.00
2016.10.04 07:02:45.782,1.53618,1.53649,1.00,1.00
2016.10.04 07:02:45.833,1.53618,1.53649,1.00,1.00
2016.10.04 07:02:46.289,1.53616,1.53649,1.00,1.00
2016.10.04 07:02:46.340,1.53616,1.53649,1.00,1.00
2016.10.04 07:02:46.786,1.53614,1.53649,1.00,1.00
2016.10.04 07:02:46.948,1.53614,1.53649,1.50,1.00
2016.10.04 07:02:46.999,1.53626,1.53656,1.00,1.75
2016.10.04 07:02:47.051,1.53626,1.53656,1.00,1.35
2016.10.04 07:02:47.102,1.53626,1.53655,1.00,1.37
2016.10.04 07:02:47.155,1.53626,1.53655,1.00,1.00
2016.10.04 07:02:47.256,1.53623,1.53655,1.00,1.00
2016.10.04 07:02:47.307,1.53621,1.53651,1.00,1.00
2016.10.04 07:02:47.498,1.53618,1.53651,1.00,1.00
2016.10.04 07:02:47.751,1.53618,1.53651,1.00,1.00
2016.10.04 07:02:47.802,1.53616,1.53651,1.50,1.00
2016.10.04 07:02:47.996,1.53616,1.53649,1.00,1.00
2016.10.04 07:02:48.249,1.53616,1.53649,1.00,1.00
2016.10.04 07:02:48.367,1.53616,1.53647,1.00,1.00
2016.10.04 07:02:48.469,1.53615,1.53645,1.00,1.00
2016.10.04 07:02:48.519,1.53613,1.53645,1.00,1.00
2016.10.04 07:02:48.570,1.53614,1.53643,1.00,1.00
2016.10.04 07:02:48.621,1.53614,1.53643,1.00,1.00
2016.10.04 07:02:48.924,1.53614,1.53644,1.00,1.00
2016.10.04 07:02:49.236,1.53611,1.5364,1.00,1.00
2016.10.04 07:02:49.388,1.53607,1.5364,1.00,1.00
2016.10.04 07:02:49.489,1.53605,1.53638,1.00,1.00
2016.10.04 07:02:49.795,1.53613,1.53638,1.00,1.00
2016.10.04 07:02:50.200,1.53605,1.53639,1.50,1.00
2016.10.04 07:02:50.301,1.53605,1.53639,1.00,1.00
2016.10.04 07:02:50.808,1.53605,1.53638,1.00,1.00
2016.10.04 07:02:51.183,1.53607,1.53638,1.00,1.00
2016.10.04 07:02:51.500,1.53607,1.53635,1.00,1.00
2016.10.04 07:02:51.703,1.53607,1.53637,1.00,1.00
2016.10.04 07:02:51.947,1.53606,1.53633,1.00,1.00
2016.10.04 07:02:52.522,1.53605,1.53633,1.00,1.00
2016.10.04 07:02:52.572,1.53605,1.53632,1.00,1.60
2016.10.04 07:02:52.623,1.53592,1.53618,1.00,1.00
2016.10.04 07:02:52.674,1.53585,1.53613,1.50,1.00
2016.10.04 07:02:52.725,1.53584,1.53613,1.00,1.00
2016.10.04 07:02:52.978,1.53574,1.5361,2.25,1.00
2016.10.04 07:02:53.099,1.53575,1.5361,1.75,1.00
2016.10.04 07:02:53.149,1.53575,1.5361,1.00,1.00
2016.10.04 07:02:53.453,1.53579,1.5361,1.00,1.00
2016.10.04 07:02:53.783,1.53584,1.53613,1.00,1.00
2016.10.04 07:02:54.510,1.53584,1.53614,1.00,1.00
2016.10.04 07:02:55.061,1.53583,1.53614,1.00,1.00
2016.10.04 07:02:55.112,1.53583,1.53619,1.50,1.50
2016.10.04 07:02:55.163,1.53583,1.53619,2.25,1.00
2016.10.04 07:02:55.327,1.53592,1.53627,1.50,1.05
2016.10.04 07:02:55.400,1.53603,1.53635,1.00,1.75
2016.10.04 07:02:55.450,1.53603,1.53635,1.00,1.00
2016.10.04 07:02:55.501,1.53605,1.53642,1.50,1.00
2016.10.04 07:02:55.602,1.53613,1.53646,1.00,1.00
2016.10.04 07:02:55.932,1.53618,1.53646,1.00,1.00
2016.10.04 07:02:55.983,1.53615,1.53646,1.00,1.00
2016.10.04 07:02:56.186,1.53611,1.53645,1.00,1.00
2016.10.04 07:02:56.419,1.53609,1.53645,1.00,1.00
2016.10.04 07:02:56.470,1.53609,1.53645,1.00,1.00
2016.10.04 07:02:56.723,1.53608,1.53643,1.50,1.00
2016.10.04 07:02:57.619,1.53608,1.53643,1.00,1.00
2016.10.04 07:02:57.842,1.53607,1.53643,1.50,1.00
2016.10.04 07:02:59.758,1.53606,1.53641,1.50,1.00
2016.10.04 07:02:59.808,1.53606,1.5364,1.00,1.00
2016.10.04 07:03:00.028,1.53608,1.53642,1.00,1.00
2016.10.04 07:03:00.281,1.53608,1.53642,1.00,1.00
2016.10.04 07:03:00.331,1.536,1.53632,1.00,1.00
2016.10.04 07:03:00.382,1.536,1.53632,1.00,1.00
2016.10.04 07:03:00.433,1.53595,1.53631,1.37,1.00
2016.10.04 07:03:00.484,1.53595,1.53631,1.00,1.00
2016.10.04 07:03:00.535,1.53594,1.53629,1.00,1.00
2016.10.04 07:03:00.667,1.53588,1.53626,1.00,1.00
2016.10.04 07:03:00.718,1.53588,1.53626,1.00,1.00
2016.10.04 07:03:01.304,1.53589,1.53625,1.00,1.00
2016.10.04 07:03:01.551,1.53589,1.53625,1.00,1.75
2016.10.04 07:03:01.629,1.53588,1.53624,1.00,1.50
2016.10.04 07:03:01.900,1.53587,1.53622,1.00,1.00
2016.10.04 07:03:02.103,1.53587,1.53622,1.00,1.00
2016.10.04 07:03:02.159,1.53587,1.53622,1.00,1.00
2016.10.04 07:03:02.793,1.53587,1.53623,1.00,1.12
2016.10.04 07:03:02.894,1.53584,1.5362,1.00,1.00
2016.10.04 07:03:02.995,1.53584,1.53616,1.00,1.00
2016.10.04 07:03:03.046,1.53584,1.53616,1.00,1.72
2016.10.04 07:03:03.097,1.53574,1.53608,1.00,1.00
2016.10.04 07:03:03.148,1.53573,1.53608,1.00,1.60
2016.10.04 07:03:03.199,1.53567,1.53602,1.12,1.00
2016.10.04 07:03:03.467,1.53567,1.53602,1.00,1.00
2016.10.04 07:03:03.745,1.53563,1.53597,1.00,1.00
2016.10.04 07:03:03.796,1.5356,1.53596,1.00,1.00
2016.10.04 07:03:04.009,1.5356,1.53596,1.00,1.00
2016.10.04 07:03:04.068,1.53557,1.53592,1.00,1.00
2016.10.04 07:03:04.119,1.53557,1.53592,1.00,1.00
2016.10.04 07:03:04.171,1.53557,1.53592,1.00,1.00
2016.10.04 07:03:04.222,1.53557,1.53595,1.00,1.00
2016.10.04 07:03:04.273,1.53557,1.53595,1.00,1.00
2016.10.04 07:03:04.324,1.53557,1.53595,1.50,1.00
2016.10.04 07:03:04.374,1.53557,1.53595,1.50,1.00
2016.10.04 07:03:04.523,1.53562,1.53601,1.00,1.75
2016.10.04 07:03:04.676,1.53564,1.53601,1.00,1.75
2016.10.04 07:03:04.777,1.53564,1.53601,1.00,1.00
2016.10.04 07:03:04.828,1.53564,1.53602,1.00,1.35
2016.10.04 07:03:04.879,1.53563,1.53602,1.00,2.10
2016.10.04 07:03:04.930,1.53565,1.53601,1.00,1.00
2016.10.04 07:03:05.156,1.53565,1.53601,1.00,1.00
2016.10.04 07:03:05.357,1.53564,1.53598,1.00,1.00
2016.10.04 07:03:05.409,1.53564,1.53598,1.00,1.00
2016.10.04 07:03:05.611,1.53561,1.53598,1.00,1.00
2016.10.04 07:03:05.712,1.53561,1.53598,1.00,1.50
2016.10.04 07:03:05.884,1.53563,1.53598,1.00,1.00
2016.10.04 07:03:06.218,1.5356,1.53597,1.00,1.00
2016.10.04 07:03:06.723,1.5356,1.53597,1.00,1.00
2016.10.04 07:03:07.290,1.5356,1.53598,1.50,1.00
2016.10.04 07:03:07.341,1.53561,1.53596,1.00,1.00
2016.10.04 07:03:08.508,1.53559,1.53594,1.00,1.00
2016.10.04 07:03:08.993,1.53559,1.53594,1.00,1.00
2016.10.04 07:03:09.095,1.53559,1.53594,1.00,1.00
2016.10.04 07:03:11.750,1.53558,1.53593,1.00,1.00
2016.10.04 07:03:13.312,1.53562,1.53591,1.00,1.00
2016.10.04 07:03:13.743,1.53561,1.53594,1.00,1.00
2016.10.04 07:03:14.275,1.53562,1.53593,1.00,1.00
2016.10.04 07:03:16.731,1.53556,1.53585,1.00,1.00
2016.10.04 07:03:16.832,1.53553,1.53582,1.00,1.00
2016.10.04 07:03:16.934,1.5355,1.53578,1.37,1.00
2016.10.04 07:03:17.128,1.53546,1.53577,1.00,1.00
2016.10.04 07:03:17.231,1.53544,1.53576,1.35,1.00
2016.10.04 07:03:17.282,1.53544,1.53576,1.00,1.37
2016.10.04 07:03:17.333,1.53543,1.53566,1.00,1.00
2016.10.04 07:03:17.435,1.53537,1.53566,1.00,1.00
2016.10.04 07:03:17.485,1.53531,1.53566,1.82,1.00
2016.10.04 07:03:17.536,1.53525,1.53561,1.72,1.00
2016.10.04 07:03:17.587,1.53524,1.53561,1.60,1.00
2016.10.04 07:03:17.728,1.53534,1.53561,1.00,1.00
2016.10.04 07:03:17.779,1.53534,1.53565,1.00,1.00
2016.10.04 07:03:17.830,1.53534,1.53569,1.00,1.00
2016.10.04 07:03:17.931,1.53533,1.53566,1.00,1.00
2016.10.04 07:03:18.032,1.53529,1.53566,1.60,1.00
2016.10.04 07:03:18.250,1.53534,1.53569,1.00,1.00
2016.10.04 07:03:18.301,1.53534,1.53571,1.50,1.12
2016.10.04 07:03:18.352,1.53534,1.53571,1.50,1.12
2016.10.04 07:03:18.402,1.53534,1.53571,1.50,1.00
2016.10.04 07:03:18.453,1.53539,1.53574,1.00,1.00
2016.10.04 07:03:18.665,1.53535,1.53572,1.00,1.00
2016.10.04 07:03:18.867,1.53534,1.53569,1.00,1.00
2016.10.04 07:03:19.573,1.53534,1.53568,1.00,1.00
2016.10.04 07:03:19.756,1.53538,1.53575,1.00,1.50
2016.10.04 07:03:19.807,1.53538,1.53575,1.00,1.00
2016.10.04 07:03:20.537,1.53538,1.53573,1.00,1.00
2016.10.04 07:03:20.632,1.53538,1.53575,1.00,1.00
2016.10.04 07:03:20.835,1.53538,1.53575,1.00,1.00
2016.10.04 07:03:21.569,1.53538,1.53575,1.00,1.00
2016.10.04 07:03:22.431,1.53543,1.53575,1.00,1.00
2016.10.04 07:03:22.604,1.53538,1.53575,1.00,1.00
2016.10.04 07:03:23.162,1.53533,1.53567,1.00,1.00
2016.10.04 07:03:23.264,1.53533,1.53565,1.00,1.00
2016.10.04 07:03:23.365,1.53533,1.53565,1.00,1.00
2016.10.04 07:03:23.773,1.53534,1.53565,1.00,1.00
2016.10.04 07:03:23.987,1.53534,1.53568,1.00,1.00
2016.10.04 07:03:24.905,1.53534,1.53564,1.00,1.00
2016.10.04 07:03:25.546,1.53534,1.53567,1.00,1.00
2016.10.04 07:03:25.994,1.53534,1.53564,1.50,1.00
2016.10.04 07:03:26.549,1.53535,1.53565,1.00,1.00
2016.10.04 07:03:26.775,1.53534,1.53563,1.00,1.00
2016.10.04 07:03:27.167,1.53534,1.53565,1.00,1.00
2016.10.04 07:03:27.319,1.53525,1.53562,1.60,1.00
2016.10.04 07:03:27.370,1.53525,1.53562,1.60,1.00
2016.10.04 07:03:27.472,1.53525,1.53562,1.00,1.00
2016.10.04 07:03:27.522,1.53525,1.53562,1.00,1.00
2016.10.04 07:03:27.573,1.53524,1.53558,1.00,1.00
2016.10.04 07:03:28.006,1.53524,1.53556,1.00,1.00
2016.10.04 07:03:28.263,1.53524,1.53556,1.00,1.00
2016.10.04 07:03:28.365,1.53524,1.53559,1.00,1.00
2016.10.04 07:03:29.473,1.53525,1.53556,1.00,1.00
2016.10.04 07:03:29.860,1.53533,1.53556,1.00,1.00
2016.10.04 07:03:29.911,1.53533,1.53563,1.00,1.37
2016.10.04 07:03:29.962,1.53534,1.53563,1.00,1.37
2016.10.04 07:03:30.012,1.53534,1.53569,1.00,1.00
2016.10.04 07:03:30.063,1.53534,1.53569,1.00,1.00
2016.10.04 07:03:30.629,1.53535,1.5357,1.00,1.00
2016.10.04 07:03:30.963,1.53535,1.5357,1.00,1.00
2016.10.04 07:03:31.014,1.53533,1.53568,1.50,1.00
2016.10.04 07:03:31.115,1.53535,1.53566,1.00,1.00
2016.10.04 07:03:31.363,1.53535,1.53566,1.00,1.00
2016.10.04 07:03:31.430,1.5354,1.53569,1.00,1.00
2016.10.04 07:03:32.112,1.5354,1.53571,1.00,1.00
2016.10.04 07:03:32.163,1.5354,1.53571,1.00,1.00
2016.10.04 07:03:32.389,1.53542,1.53571,1.00,1.00
2016.10.04 07:03:33.082,1.5354,1.53571,1.00,1.00
2016.10.04 07:03:33.311,1.53538,1.53567,1.00,1.00
2016.10.04 07:03:33.413,1.53534,1.53563,1.00,1.00
2016.10.04 07:03:33.619,1.53533,1.53563,1.00,1.00
2016.10.04 07:03:33.808,1.53532,1.5356,1.00,1.00
2016.10.04 07:03:34.020,1.53533,1.5356,1.00,1.00
2016.10.04 07:03:34.174,1.53533,1.53563,1.00,1.00
2016.10.04 07:03:34.277,1.53533,1.53561,1.00,1.00
2016.10.04 07:03:34.644,1.53531,1.53561,1.00,1.00
2016.10.04 07:03:34.827,1.53533,1.53561,1.00,1.00
2016.10.04 07:03:34.978,1.53534,1.53564,1.00,1.00
2016.10.04 07:03:35.828,1.53534,1.53564,1.50,1.00
2016.10.04 07:03:36.500,1.53534,1.53562,1.50,1.00
2016.10.04 07:03:37.005,1.53534,1.53565,1.50,1.00
2016.10.04 07:03:38.027,1.53535,1.53563,1.00,1.00
2016.10.04 07:03:38.486,1.53534,1.5356,1.00,1.00
2016.10.04 07:03:39.543,1.53534,1.5356,1.60,1.00
2016.10.04 07:03:39.619,1.53548,1.53577,1.00,1.50
2016.10.04 07:03:39.670,1.53548,1.53577,1.00,1.00
2016.10.04 07:03:39.822,1.53548,1.53577,1.00,1.00
2016.10.04 07:03:40.495,1.53547,1.53577,1.00,1.00
2016.10.04 07:03:40.698,1.53547,1.53577,1.00,1.00
2016.10.04 07:03:41.097,1.53549,1.5358,1.00,1.00
2016.10.04 07:03:42.168,1.53549,1.53578,1.00,1.00
2016.10.04 07:03:42.435,1.53555,1.53586,1.00,1.00
2016.10.04 07:03:42.711,1.53555,1.53586,1.00,1.00
2016.10.04 07:03:42.817,1.53553,1.53582,1.50,1.00
2016.10.04 07:03:42.867,1.53553,1.53582,1.00,1.00
2016.10.04 07:03:43.507,1.53553,1.53582,1.00,1.00
2016.10.04 07:03:43.836,1.53558,1.53589,1.00,1.00
2016.10.04 07:03:43.996,1.53558,1.53589,1.00,1.00
2016.10.04 07:03:44.046,1.53555,1.53585,1.00,1.00
2016.10.04 07:03:44.097,1.53555,1.53585,1.00,1.00
2016.10.04 07:03:44.251,1.53551,1.5358,1.00,1.00
2016.10.04 07:03:44.956,1.5355,1.53579,1.00,1.00
2016.10.04 07:03:45.108,1.53547,1.53576,1.00,1.00
2016.10.04 07:03:45.515,1.53552,1.5358,1.00,1.00
2016.10.04 07:03:45.655,1.53552,1.53588,1.35,1.12
2016.10.04 07:03:45.718,1.53557,1.53592,1.00,2.25
2016.10.04 07:03:45.768,1.53557,1.53592,1.00,1.50
2016.10.04 07:03:45.819,1.53557,1.53592,1.00,1.00
2016.10.04 07:03:46.480,1.53563,1.53596,1.00,1.00
2016.10.04 07:03:46.838,1.53564,1.53598,1.00,1.00
2016.10.04 07:03:47.242,1.53565,1.536,1.00,1.00
2016.10.04 07:03:47.444,1.53564,1.53598,1.00,1.00
2016.10.04 07:03:47.545,1.53565,1.53596,1.00,1.00
2016.10.04 07:03:47.647,1.53565,1.53596,1.00,1.00
2016.10.04 07:03:48.157,1.53565,1.53596,1.00,1.00
2016.10.04 07:03:48.207,1.53565,1.53596,1.00,1.00
2016.10.04 07:03:49.052,1.53565,1.53596,1.00,1.00
2016.10.04 07:03:49.225,1.53565,1.53596,1.00,1.00
2016.10.04 07:03:49.478,1.53565,1.53596,1.00,1.00
2016.10.04 07:03:49.771,1.53565,1.53596,1.00,1.00
2016.10.04 07:03:49.872,1.53565,1.53596,1.60,1.00
2016.10.04 07:03:49.923,1.53569,1.53598,1.00,1.00
2016.10.04 07:03:50.024,1.53566,1.53595,1.00,1.00
2016.10.04 07:03:50.650,1.53566,1.53595,1.00,1.00
2016.10.04 07:03:50.752,1.53566,1.53595,1.00,1.00
2016.10.04 07:03:50.854,1.53566,1.53595,1.00,1.00
2016.10.04 07:03:51.031,1.53565,1.53595,1.00,1.00
2016.10.04 07:03:51.132,1.53565,1.53595,1.00,1.00
2016.10.04 07:03:51.331,1.53566,1.53594,1.00,1.00
2016.10.04 07:03:51.433,1.53566,1.53594,1.00,1.00
2016.10.04 07:03:53.136,1.53566,1.53594,1.00,1.00
2016.10.04 07:03:53.238,1.53564,1.53591,1.00,1.00
2016.10.04 07:03:54.240,1.53564,1.53592,1.00,1.00
2016.10.04 07:03:54.954,1.53561,1.53592,1.00,1.00
2016.10.04 07:03:55.435,1.53558,1.53586,1.00,1.00
2016.10.04 07:03:55.537,1.53553,1.53577,1.00,1.00
2016.10.04 07:03:55.587,1.53548,1.53577,1.00,1.00
2016.10.04 07:03:55.736,1.53544,1.53577,1.95,1.00
2016.10.04 07:03:55.789,1.53544,1.53576,1.00,1.00
2016.10.04 07:03:55.841,1.53544,1.53576,1.00,1.00
2016.10.04 07:03:56.443,1.53543,1.53574,1.00,1.00
2016.10.04 07:03:56.751,1.53544,1.53576,1.00,1.00
2016.10.04 07:03:56.802,1.53543,1.53576,1.00,1.50
2016.10.04 07:03:56.853,1.53544,1.53572,1.00,1.00
2016.10.04 07:03:56.904,1.53544,1.53572,1.50,1.00
2016.10.04 07:03:57.257,1.53544,1.53571,1.00,1.00
2016.10.04 07:03:57.358,1.53543,1.53567,1.00,1.00
2016.10.04 07:03:57.409,1.53539,1.53567,1.00,1.00
2016.10.04 07:03:57.816,1.53537,1.53565,1.00,1.00
2016.10.04 07:03:58.858,1.53539,1.53569,1.00,1.00
2016.10.04 07:03:58.959,1.53539,1.5357,1.00,1.00
2016.10.04 07:03:59.401,1.53542,1.53571,1.00,1.00
2016.10.04 07:03:59.914,1.53541,1.53572,1.00,1.00
2016.10.04 07:04:00.158,1.53541,1.53572,1.00,1.00
2016.10.04 07:04:00.260,1.53538,1.53572,1.00,1.00
2016.10.04 07:04:00.311,1.53544,1.53572,1.00,1.00
2016.10.04 07:04:00.362,1.53544,1.53575,1.00,1.00
2016.10.04 07:04:00.412,1.53539,1.53576,1.00,1.75
2016.10.04 07:04:00.463,1.53539,1.53576,1.00,1.75
2016.10.04 07:04:00.515,1.53543,1.53576,1.00,1.00
2016.10.04 07:04:00.743,1.53544,1.53576,1.00,2.25
2016.10.04 07:04:00.846,1.53544,1.53574,1.00,1.12
2016.10.04 07:04:01.365,1.53544,1.53575,1.00,1.37
2016.10.04 07:04:01.562,1.53544,1.53577,1.00,1.00
2016.10.04 07:04:01.773,1.53543,1.5358,1.00,2.25
2016.10.04 07:04:01.875,1.53545,1.53582,1.00,2.25
2016.10.04 07:04:01.925,1.53545,1.53582,1.00,1.00
2016.10.04 07:04:02.070,1.53548,1.53578,1.00,1.00
2016.10.04 07:04:02.171,1.53544,1.53579,1.00,1.00
2016.10.04 07:04:02.272,1.53547,1.53576,1.00,1.00
2016.10.04 07:04:02.475,1.53554,1.53576,1.00,1.00
2016.10.04 07:04:02.758,1.53556,1.53586,1.00,1.00
2016.10.04 07:04:02.809,1.53557,1.53586,1.00,1.00
2016.10.04 07:04:02.860,1.53557,1.53588,1.00,1.50
2016.10.04 07:04:02.911,1.53554,1.53588,1.00,1.00
2016.10.04 07:04:03.012,1.5355,1.53585,1.00,1.00
2016.10.04 07:04:03.063,1.5355,1.53585,1.00,1.00
2016.10.04 07:04:03.773,1.53546,1.53583,1.00,1.00
2016.10.04 07:04:04.005,1.53549,1.53584,1.00,1.12
2016.10.04 07:04:04.056,1.53553,1.53587,1.00,3.00
2016.10.04 07:04:04.107,1.53553,1.53587,1.00,2.25
2016.10.04 07:04:04.208,1.53552,1.53587,1.00,2.25
2016.10.04 07:04:04.543,1.53552,1.53582,1.00,1.00
2016.10.04 07:04:04.644,1.53549,1.53579,1.00,1.00
2016.10.04 07:04:04.879,1.53553,1.53579,1.00,1.00
2016.10.04 07:04:05.445,1.53554,1.53582,1.00,1.00
2016.10.04 07:04:05.547,1.53554,1.53579,1.00,1.00
2016.10.04 07:04:06.096,1.53553,1.53579,1.00,1.00
2016.10.04 07:04:06.651,1.53553,1.53582,1.50,1.00
2016.10.04 07:04:06.777,1.53554,1.53584,1.00,1.00
2016.10.04 07:04:06.827,1.53554,1.53584,1.50,1.00
2016.10.04 07:04:06.882,1.53554,1.53584,1.50,1.00
2016.10.04 07:04:06.983,1.53554,1.53584,1.50,1.00
2016.10.04 07:04:07.411,1.53552,1.53583,1.12,1.00
2016.10.04 07:04:07.462,1.53552,1.53583,1.00,1.00
2016.10.04 07:04:07.564,1.53551,1.5358,1.00,1.00
2016.10.04 07:04:07.614,1.53551,1.5358,1.00,1.00
2016.10.04 07:04:07.931,1.53554,1.5358,1.00,1.00
2016.10.04 07:04:08.440,1.53553,1.5358,1.00,1.00
2016.10.04 07:04:10.789,1.53553,1.53579,1.00,1.00
2016.10.04 07:04:11.495,1.53554,1.53579,1.00,1.00
2016.10.04 07:04:12.028,1.53554,1.5358,1.00,1.00
2016.10.04 07:04:12.594,1.53553,1.5358,1.00,1.00
2016.10.04 07:04:13.134,1.53553,1.53579,1.00,1.00
2016.10.04 07:04:13.640,1.53554,1.53579,1.00,1.00
2016.10.04 07:04:14.218,1.53553,1.53579,1.00,1.00
2016.10.04 07:04:14.627,1.53557,1.53585,1.00,1.00
2016.10.04 07:04:14.785,1.53559,1.53588,1.00,1.00
2016.10.04 07:04:14.836,1.53564,1.53588,1.00,1.00
2016.10.04 07:04:14.892,1.53559,1.53588,1.00,1.00
2016.10.04 07:04:15.353,1.53557,1.53585,1.00,1.00
2016.10.04 07:04:15.454,1.53557,1.53585,1.00,1.00
2016.10.04 07:04:15.504,1.53557,1.53585,1.00,1.00
2016.10.04 07:04:15.707,1.53557,1.53585,1.00,1.00
2016.10.04 07:04:15.985,1.53555,1.53586,1.50,1.00
2016.10.04 07:04:16.401,1.53559,1.53588,1.00,1.00
2016.10.04 07:04:16.824,1.53559,1.53588,1.60,1.00
2016.10.04 07:04:16.875,1.53571,1.53601,1.00,1.00
2016.10.04 07:04:16.925,1.53571,1.53602,1.00,1.12
2016.10.04 07:04:17.077,1.53569,1.536,1.00,1.00
2016.10.04 07:04:17.253,1.53566,1.53597,1.00,1.00
2016.10.04 07:04:17.355,1.53566,1.53597,1.00,1.00
2016.10.04 07:04:17.557,1.5357,1.53599,1.00,1.00
2016.10.04 07:04:17.765,1.53573,1.53599,1.00,1.00
2016.10.04 07:04:18.096,1.53574,1.53597,1.00,1.00
2016.10.04 07:04:18.250,1.53568,1.53597,1.00,1.00
2016.10.04 07:04:18.690,1.53565,1.53594,1.00,1.00
2016.10.04 07:04:18.943,1.53573,1.53595,1.00,1.00
2016.10.04 07:04:19.166,1.53566,1.53595,1.00,1.00
2016.10.04 07:04:19.699,1.53563,1.53592,1.50,1.00
2016.10.04 07:04:19.750,1.53564,1.53592,1.00,1.00
2016.10.04 07:04:19.851,1.53561,1.53592,1.00,1.00
2016.10.04 07:04:19.902,1.53561,1.53592,1.12,1.00
2016.10.04 07:04:20.125,1.53563,1.53592,1.00,1.00
2016.10.04 07:04:20.750,1.53564,1.53592,1.00,1.00
2016.10.04 07:04:20.930,1.53564,1.53589,1.00,1.00
2016.10.04 07:04:21.437,1.53563,1.5359,1.00,1.00
2016.10.04 07:04:22.132,1.53564,1.5359,1.00,1.00
2016.10.04 07:04:22.462,1.53559,1.53588,1.00,1.00
2016.10.04 07:04:22.665,1.53564,1.53588,1.00,1.00
2016.10.04 07:04:22.716,1.53564,1.5359,1.00,1.00
2016.10.04 07:04:23.195,1.53564,1.53593,1.00,1.00
2016.10.04 07:04:23.397,1.53564,1.53591,1.00,1.00
2016.10.04 07:04:24.291,1.53564,1.5359,1.00,1.00
2016.10.04 07:04:24.633,1.53559,1.53588,1.00,1.00
2016.10.04 07:04:25.044,1.53564,1.53588,1.00,1.00
2016.10.04 07:04:25.553,1.53564,1.53587,1.00,1.00
2016.10.04 07:04:26.077,1.53564,1.53586,1.00,1.00
2016.10.04 07:04:26.229,1.53564,1.53588,1.00,1.00
2016.10.04 07:04:26.750,1.53564,1.53589,1.00,1.00
2016.10.04 07:04:26.952,1.53564,1.53589,1.12,1.00
2016.10.04 07:04:27.006,1.53564,1.53589,1.00,1.00
2016.10.04 07:04:27.512,1.53564,1.5359,1.00,1.00
2016.10.04 07:04:27.885,1.53559,1.5359,1.00,1.00
2016.10.04 07:04:27.989,1.53559,1.5359,1.00,1.00
2016.10.04 07:04:28.140,1.53563,1.53588,1.00,1.00
2016.10.04 07:04:28.428,1.53556,1.53587,1.00,1.00
2016.10.04 07:04:28.582,1.53556,1.53587,1.00,1.00
2016.10.04 07:04:28.632,1.53558,1.53587,1.00,1.00
2016.10.04 07:04:28.689,1.53558,1.53587,1.00,1.00
2016.10.04 07:04:28.740,1.53559,1.5359,1.00,1.00
2016.10.04 07:04:28.842,1.53563,1.5359,1.00,1.00
2016.10.04 07:04:28.943,1.53559,1.5359,1.00,1.00
2016.10.04 07:04:29.223,1.53562,1.53591,1.00,1.00
2016.10.04 07:04:29.274,1.53562,1.53591,1.37,1.00
2016.10.04 07:04:29.325,1.53562,1.53591,1.75,1.00
2016.10.04 07:04:29.375,1.53562,1.53591,1.37,1.00
2016.10.04 07:04:29.426,1.53562,1.53591,1.00,1.00
2016.10.04 07:04:29.477,1.53563,1.53591,1.00,1.00
2016.10.04 07:04:29.806,1.53563,1.53594,1.00,1.00
2016.10.04 07:04:30.314,1.53564,1.53595,1.00,1.00
2016.10.04 07:04:30.484,1.53564,1.53595,1.00,1.00
2016.10.04 07:04:30.535,1.53564,1.53589,1.00,1.00
2016.10.04 07:04:30.686,1.53558,1.53589,1.00,1.00
2016.10.04 07:04:30.940,1.53556,1.53587,1.00,1.00
2016.10.04 07:04:30.991,1.53556,1.53587,1.00,1.00
2016.10.04 07:04:31.041,1.53554,1.53586,1.50,1.00
2016.10.04 07:04:31.167,1.53554,1.53582,1.00,1.00
2016.10.04 07:04:31.778,1.53564,1.53582,1.00,1.00
2016.10.04 07:04:32.161,1.53553,1.53583,1.00,1.00
2016.10.04 07:04:32.809,1.53554,1.53583,1.00,1.00
2016.10.04 07:04:33.062,1.53551,1.53583,1.00,1.00
2016.10.04 07:04:33.113,1.53548,1.53582,1.00,1.00
2016.10.04 07:04:33.218,1.53551,1.53583,1.00,1.00
2016.10.04 07:04:33.319,1.5355,1.53581,1.00,1.00
2016.10.04 07:04:33.370,1.53554,1.53581,1.00,1.00
2016.10.04 07:04:33.850,1.53553,1.53583,1.00,1.00
2016.10.04 07:04:33.954,1.53546,1.53578,1.00,1.00
2016.10.04 07:04:34.156,1.53554,1.5358,1.00,1.00
2016.10.04 07:04:34.494,1.53563,1.53582,1.00,1.00
2016.10.04 07:04:34.595,1.53553,1.53582,1.00,1.00
2016.10.04 07:04:34.799,1.5355,1.53582,1.00,1.00
2016.10.04 07:04:34.959,1.53552,1.53584,1.00,1.00
2016.10.04 07:04:35.279,1.53554,1.53584,1.00,1.00
2016.10.04 07:04:38.140,1.53554,1.53583,1.00,1.00
2016.10.04 07:04:38.423,1.53543,1.53577,3.00,1.00
2016.10.04 07:04:38.474,1.53554,1.53574,1.00,1.00
2016.10.04 07:04:38.645,1.53554,1.53581,1.00,1.00
2016.10.04 07:04:38.696,1.53553,1.53581,1.00,1.00
2016.10.04 07:04:38.899,1.53553,1.53581,1.00,1.00
2016.10.04 07:04:39.000,1.53554,1.53581,1.00,1.00
2016.10.04 07:04:39.166,1.53543,1.53576,1.00,1.00
2016.10.04 07:04:39.369,1.53544,1.53574,1.00,1.00
2016.10.04 07:04:39.937,1.53544,1.53575,1.00,1.00
2016.10.04 07:04:40.190,1.53543,1.53576,1.50,1.00
2016.10.04 07:04:40.342,1.53543,1.53575,1.00,1.00
2016.10.04 07:04:40.846,1.53543,1.53577,1.00,1.00
2016.10.04 07:04:41.351,1.53544,1.53577,1.00,1.00
2016.10.04 07:04:41.574,1.53544,1.53579,1.50,1.00
2016.10.04 07:04:41.625,1.53544,1.53579,1.87,1.00
2016.10.04 07:04:41.726,1.53544,1.53579,1.50,1.00
2016.10.04 07:04:41.878,1.53544,1.53579,1.00,1.00
2016.10.04 07:04:42.165,1.53546,1.5358,1.00,1.00
2016.10.04 07:04:42.216,1.53546,1.5358,1.00,1.00
2016.10.04 07:04:42.267,1.53546,1.5358,1.12,1.00
2016.10.04 07:04:42.317,1.53546,1.5358,1.12,1.00
2016.10.04 07:04:42.368,1.53544,1.53579,1.00,1.00
2016.10.04 07:04:42.419,1.53544,1.53579,1.00,1.00
2016.10.04 07:04:42.628,1.53544,1.53578,1.00,1.00
2016.10.04 07:04:42.813,1.53543,1.53578,1.50,1.00
2016.10.04 07:04:43.120,1.53544,1.53578,1.00,1.00
2016.10.04 07:04:43.631,1.53544,1.53578,1.00,1.00
2016.10.04 07:04:44.132,1.53544,1.53578,1.00,1.00
2016.10.04 07:04:44.805,1.53544,1.53578,1.00,1.00
2016.10.04 07:04:44.855,1.53544,1.53576,1.50,1.00
2016.10.04 07:04:45.123,1.53544,1.53576,1.50,1.00
2016.10.04 07:04:45.174,1.53544,1.53573,1.00,1.00
2016.10.04 07:04:46.241,1.53544,1.53575,1.00,1.00
2016.10.04 07:04:48.296,1.53543,1.53575,1.00,1.00
2016.10.04 07:04:48.818,1.53544,1.53576,1.00,1.00
2016.10.04 07:04:49.095,1.53543,1.53576,1.50,1.00
2016.10.04 07:04:49.520,1.53543,1.53576,2.25,1.00
2016.10.04 07:04:49.571,1.53543,1.53574,2.25,1.00
2016.10.04 07:04:49.621,1.53544,1.53574,1.00,1.00
2016.10.04 07:04:50.601,1.53544,1.53576,1.00,1.00
2016.10.04 07:04:51.857,1.53546,1.53579,2.25,1.00
2016.10.04 07:04:51.959,1.53552,1.53585,1.50,1.00
2016.10.04 07:04:52.180,1.53563,1.53589,1.00,1.00
2016.10.04 07:04:52.231,1.53555,1.53589,1.00,1.00
2016.10.04 07:04:52.282,1.53554,1.53589,1.50,1.00
2016.10.04 07:04:52.383,1.53555,1.53588,1.00,1.00
2016.10.04 07:04:52.463,1.53555,1.53588,1.50,1.00
2016.10.04 07:04:52.635,1.53558,1.53591,1.00,1.00
2016.10.04 07:04:52.687,1.53564,1.53591,1.00,1.00
2016.10.04 07:04:53.111,1.53558,1.53591,1.50,1.00
2016.10.04 07:04:53.337,1.53559,1.53591,1.00,1.00
2016.10.04 07:04:53.657,1.53564,1.53594,1.00,1.00
2016.10.04 07:04:54.014,1.53559,1.53594,1.00,1.00
2016.10.04 07:04:54.064,1.53557,1.53591,1.00,1.00
2016.10.04 07:04:54.166,1.53556,1.53591,1.50,1.00
2016.10.04 07:04:54.387,1.53556,1.53591,2.25,1.00
2016.10.04 07:04:54.488,1.53556,1.53591,1.50,1.00
2016.10.04 07:04:54.691,1.53557,1.53589,1.00,1.00
2016.10.04 07:04:54.742,1.53557,1.53589,1.37,1.00
2016.10.04 07:04:54.844,1.53557,1.53589,1.87,1.00
2016.10.04 07:04:54.894,1.53557,1.53589,1.50,1.00
2016.10.04 07:04:55.119,1.53557,1.53589,2.25,1.00
2016.10.04 07:04:55.372,1.53557,1.53589,1.50,1.00
2016.10.04 07:04:55.574,1.53558,1.53589,1.20,1.00
2016.10.04 07:04:55.625,1.53558,1.53589,1.57,1.00
2016.10.04 07:04:55.676,1.53558,1.53591,3.00,1.00
2016.10.04 07:04:55.727,1.53558,1.53591,2.62,1.00
2016.10.04 07:04:55.885,1.53558,1.53591,2.25,1.00
2016.10.04 07:04:56.118,1.53558,1.53589,1.50,1.00
2016.10.04 07:04:56.275,1.53558,1.53589,2.25,1.00
2016.10.04 07:04:56.465,1.53558,1.53588,1.50,1.00
2016.10.04 07:04:56.516,1.53558,1.53588,1.00,1.00
2016.10.04 07:04:56.678,1.53558,1.53588,1.50,1.00
2016.10.04 07:04:56.823,1.53558,1.53588,1.00,1.00
2016.10.04 07:04:57.076,1.53557,1.53588,1.00,1.00
2016.10.04 07:04:57.278,1.53557,1.53585,1.00,1.00
2016.10.04 07:04:57.329,1.53554,1.53585,2.25,1.00
2016.10.04 07:04:57.379,1.53554,1.53585,1.50,1.00
2016.10.04 07:04:57.430,1.53554,1.53585,1.00,1.00
2016.10.04 07:04:57.551,1.53554,1.53585,1.00,1.00
2016.10.04 07:04:57.602,1.53553,1.53585,1.50,1.00
2016.10.04 07:04:57.670,1.53555,1.53585,1.00,1.00
2016.10.04 07:04:58.369,1.53555,1.53584,1.00,1.00
2016.10.04 07:04:58.499,1.53555,1.53586,1.50,1.00
2016.10.04 07:04:58.550,1.53559,1.53586,1.00,1.00
2016.10.04 07:04:59.065,1.53558,1.53586,1.50,1.00
2016.10.04 07:04:59.116,1.53558,1.53588,1.50,1.00
2016.10.04 07:04:59.167,1.53558,1.53588,1.00,1.00
2016.10.04 07:04:59.217,1.53563,1.53588,1.00,1.00
2016.10.04 07:04:59.343,1.53563,1.53591,1.00,1.00
2016.10.04 07:04:59.446,1.53561,1.53592,1.00,1.00
2016.10.04 07:04:59.714,1.53563,1.53591,1.00,1.00
2016.10.04 07:04:59.815,1.53564,1.53591,1.50,1.00
2016.10.04 07:04:59.987,1.53564,1.53593,1.00,1.00
2016.10.04 07:05:00.267,1.53564,1.53593,1.50,1.00
2016.10.04 07:05:00.317,1.53565,1.53596,1.00,1.00
2016.10.04 07:05:00.469,1.53565,1.53595,1.00,1.00
2016.10.04 07:05:00.600,1.53558,1.53591,1.50,1.00
2016.10.04 07:05:00.652,1.53559,1.53591,1.00,1.00
2016.10.04 07:05:00.753,1.53558,1.53589,1.50,1.00
2016.10.04 07:05:00.803,1.53559,1.53592,1.00,1.00
2016.10.04 07:05:00.854,1.53563,1.53592,1.00,1.00
2016.10.04 07:05:01.006,1.53564,1.53595,1.00,1.00
2016.10.04 07:05:01.248,1.53574,1.53595,1.00,1.00
2016.10.04 07:05:01.512,1.53566,1.53595,1.00,1.00
2016.10.04 07:05:01.563,1.53564,1.53595,2.25,1.00
2016.10.04 07:05:01.664,1.53564,1.53595,1.50,1.00
2016.10.04 07:05:01.715,1.53564,1.53595,1.00,1.00
2016.10.04 07:05:01.902,1.53564,1.53594,2.25,1.00
2016.10.04 07:05:01.973,1.53565,1.53594,1.00,1.00
2016.10.04 07:05:02.262,1.53564,1.53594,3.00,1.00
2016.10.04 07:05:02.559,1.53564,1.53594,2.25,1.00
2016.10.04 07:05:02.740,1.53564,1.53594,1.50,1.00
2016.10.04 07:05:02.791,1.53564,1.53596,1.00,1.00
2016.10.04 07:05:02.914,1.53564,1.53596,1.50,1.00
2016.10.04 07:05:03.310,1.53564,1.53596,1.00,1.00
2016.10.04 07:05:03.361,1.53563,1.53596,1.50,1.00
2016.10.04 07:05:03.532,1.5356,1.53591,1.00,1.00
2016.10.04 07:05:03.641,1.5356,1.53591,1.00,1.00
2016.10.04 07:05:03.742,1.5356,1.53591,1.00,1.00
2016.10.04 07:05:03.792,1.53556,1.53587,1.00,1.00
2016.10.04 07:05:04.337,1.53555,1.53587,1.00,1.00
2016.10.04 07:05:04.642,1.53553,1.53587,2.25,1.00
2016.10.04 07:05:05.608,1.53554,1.53587,1.20,1.00
2016.10.04 07:05:05.659,1.53554,1.53587,1.57,1.00
2016.10.04 07:05:05.710,1.53556,1.53588,1.75,1.00
2016.10.04 07:05:05.760,1.53556,1.53588,1.37,1.00
2016.10.04 07:05:05.964,1.53557,1.53588,1.00,1.00
2016.10.04 07:05:06.116,1.53559,1.53592,1.00,1.00
2016.10.04 07:05:06.217,1.53557,1.5359,1.00,1.00
2016.10.04 07:05:06.636,1.53564,1.53589,1.00,1.00
2016.10.04 07:05:06.737,1.53564,1.53592,1.00,1.00
2016.10.04 07:05:07.732,1.53564,1.53594,1.00,1.00
2016.10.04 07:05:08.391,1.53564,1.53592,1.00,1.00
2016.10.04 07:05:08.593,1.53563,1.53595,1.00,1.00
2016.10.04 07:05:08.694,1.53566,1.53596,1.00,1.35
2016.10.04 07:05:08.948,1.53564,1.53594,1.00,1.00
2016.10.04 07:05:09.000,1.53565,1.53598,1.00,1.00
2016.10.04 07:05:09.102,1.53564,1.53594,1.00,1.00
2016.10.04 07:05:09.153,1.53573,1.53594,1.00,1.00
2016.10.04 07:05:09.254,1.53564,1.53594,1.50,1.00
2016.10.04 07:05:09.505,1.53567,1.53594,1.00,1.00
2016.10.04 07:05:09.610,1.53567,1.53597,1.00,1.00
2016.10.04 07:05:09.711,1.53569,1.53599,1.00,1.00
2016.10.04 07:05:10.120,1.53569,1.536,2.25,1.00
2016.10.04 07:05:10.171,1.53574,1.536,1.00,1.00
2016.10.04 07:05:10.361,1.53569,1.536,1.00,1.00
2016.10.04 07:05:10.412,1.53568,1.53598,1.00,1.00
2016.10.04 07:05:10.463,1.53567,1.53598,1.00,1.00
2016.10.04 07:05:10.514,1.53567,1.53598,1.50,1.00
2016.10.04 07:05:10.565,1.53567,1.53598,2.25,1.00
2016.10.04 07:05:10.666,1.53574,1.53598,1.00,1.00
2016.10.04 07:05:11.017,1.53574,1.536,1.00,1.00
2016.10.04 07:05:11.536,1.53567,1.536,2.25,1.00
2016.10.04 07:05:11.587,1.53568,1.536,1.00,1.00
2016.10.04 07:05:11.865,1.53574,1.536,1.00,1.00
2016.10.04 07:05:12.406,1.53573,1.53601,1.00,1.00
2016.10.04 07:05:12.768,1.5357,1.53601,1.00,1.00
2016.10.04 07:05:13.630,1.5357,1.53601,1.00,1.00
2016.10.04 07:05:13.680,1.53574,1.53601,1.00,1.00
2016.10.04 07:05:13.984,1.53568,1.53598,1.00,1.00
2016.10.04 07:05:14.136,1.53566,1.53597,1.00,1.00
2016.10.04 07:05:14.186,1.53574,1.53597,1.00,1.00
2016.10.04 07:05:14.237,1.53574,1.53599,1.00,1.00
2016.10.04 07:05:14.288,1.53568,1.53599,1.00,1.00
2016.10.04 07:05:14.339,1.53571,1.53602,1.00,1.12
2016.10.04 07:05:14.509,1.53579,1.5361,1.00,1.00
2016.10.04 07:05:14.610,1.53574,1.53604,1.00,1.00
2016.10.04 07:05:14.662,1.53574,1.53604,1.00,1.00
2016.10.04 07:05:14.715,1.53574,1.53604,1.50,1.00
2016.10.04 07:05:14.816,1.53574,1.53604,1.00,1.00
2016.10.04 07:05:14.867,1.53575,1.53604,1.00,1.00
2016.10.04 07:05:15.149,1.53575,1.53604,1.50,1.00
2016.10.04 07:05:15.199,1.53575,1.53604,1.00,1.00
2016.10.04 07:05:15.250,1.53574,1.53604,3.00,1.00
2016.10.04 07:05:15.301,1.53574,1.53604,2.25,1.00
2016.10.04 07:05:15.351,1.53574,1.53603,1.00,1.00
2016.10.04 07:05:15.668,1.53574,1.536,1.00,1.00
2016.10.04 07:05:15.719,1.53574,1.53603,1.00,1.00
2016.10.04 07:05:16.174,1.53573,1.53603,1.50,1.00
2016.10.04 07:05:16.225,1.53573,1.53603,1.00,1.00
2016.10.04 07:05:16.353,1.53573,1.53599,1.00,1.00
2016.10.04 07:05:16.555,1.53573,1.53602,1.00,1.00
2016.10.04 07:05:16.606,1.53573,1.53604,2.25,1.00
2016.10.04 07:05:16.657,1.53575,1.53604,1.00,1.00
2016.10.04 07:05:16.809,1.53574,1.53606,1.00,1.00
2016.10.04 07:05:16.994,1.53576,1.53608,1.50,1.00
2016.10.04 07:05:17.045,1.53576,1.53608,1.00,1.00
2016.10.04 07:05:17.095,1.53576,1.53608,1.50,1.00
2016.10.04 07:05:17.197,1.53576,1.53608,1.00,1.00
2016.10.04 07:05:17.247,1.53574,1.53605,1.87,1.00
2016.10.04 07:05:17.349,1.53574,1.53605,1.00,1.00
2016.10.04 07:05:18.129,1.53573,1.53604,1.50,1.00
2016.10.04 07:05:18.230,1.53573,1.53604,2.25,1.00
2016.10.04 07:05:18.280,1.53584,1.53604,1.00,1.00
2016.10.04 07:05:18.444,1.53584,1.53601,1.00,1.00
2016.10.04 07:05:18.517,1.53574,1.53601,1.00,1.00
2016.10.04 07:05:18.618,1.53573,1.53604,2.25,1.00
2016.10.04 07:05:18.669,1.53574,1.53604,1.00,1.00
2016.10.04 07:05:18.720,1.53575,1.53606,1.00,1.00
2016.10.04 07:05:19.138,1.53573,1.53603,1.00,1.00
2016.10.04 07:05:19.643,1.53574,1.53602,1.00,1.00
2016.10.04 07:05:20.169,1.53573,1.53602,1.00,1.00
2016.10.04 07:05:20.463,1.53571,1.53602,1.00,1.00
2016.10.04 07:05:20.647,1.5357,1.53598,1.00,1.00
2016.10.04 07:05:20.850,1.53568,1.53598,1.00,1.00
2016.10.04 07:05:20.901,1.53574,1.53598,1.00,1.00
2016.10.04 07:05:21.302,1.53569,1.53598,1.00,1.00
2016.10.04 07:05:21.354,1.53566,1.53596,1.50,1.00
2016.10.04 07:05:21.404,1.53566,1.53596,1.00,1.00
2016.10.04 07:05:21.660,1.53573,1.53596,1.00,1.00
2016.10.04 07:05:22.015,1.53573,1.53594,1.00,1.00
2016.10.04 07:05:22.591,1.53565,1.53594,1.50,1.00
2016.10.04 07:05:22.642,1.53565,1.53594,1.00,1.00
2016.10.04 07:05:23.759,1.53564,1.53592,1.50,1.60
2016.10.04 07:05:23.810,1.53564,1.53592,1.00,1.60
2016.10.04 07:05:23.862,1.53556,1.53584,1.37,1.00
2016.10.04 07:05:23.995,1.53553,1.53584,1.00,1.00
2016.10.04 07:05:24.612,1.53554,1.53584,1.00,1.00
2016.10.04 07:05:24.866,1.53548,1.53579,1.00,1.00
2016.10.04 07:05:24.967,1.53547,1.53575,1.00,1.00
2016.10.04 07:05:25.152,1.53546,1.53575,1.50,1.00
2016.10.04 07:05:25.202,1.53546,1.53575,1.00,1.00
2016.10.04 07:05:25.803,1.53539,1.53568,1.00,1.00
2016.10.04 07:05:26.056,1.53539,1.53568,1.00,1.00
2016.10.04 07:05:26.597,1.53539,1.53567,1.00,1.00
2016.10.04 07:05:27.052,1.53537,1.53565,1.50,1.00
2016.10.04 07:05:27.216,1.53536,1.53564,1.00,1.00
2016.10.04 07:05:28.050,1.53533,1.53561,1.50,1.00
2016.10.04 07:05:28.101,1.53533,1.53561,1.00,1.00
2016.10.04 07:05:28.253,1.53532,1.5356,1.00,1.00
2016.10.04 07:05:28.355,1.53532,1.5356,1.00,1.00
2016.10.04 07:05:28.899,1.53533,1.5356,1.00,1.00
2016.10.04 07:05:29.949,1.53533,1.53561,1.00,1.00
2016.10.04 07:05:30.097,1.53531,1.53561,1.00,1.00
2016.10.04 07:05:30.149,1.53531,1.53559,1.00,1.00
2016.10.04 07:05:30.524,1.5353,1.53563,1.00,1.00
2016.10.04 07:05:30.675,1.53534,1.53563,1.00,1.00
2016.10.04 07:05:30.878,1.53531,1.53562,1.00,1.00
2016.10.04 07:05:31.103,1.53534,1.53557,1.00,1.00
2016.10.04 07:05:31.305,1.53529,1.53557,1.00,1.00
2016.10.04 07:05:31.356,1.53526,1.53554,1.50,1.00
2016.10.04 07:05:31.407,1.53526,1.53554,1.00,1.00
2016.10.04 07:05:32.110,1.53534,1.53554,1.00,1.00
2016.10.04 07:05:32.578,1.53534,1.53559,1.00,1.00
2016.10.04 07:05:32.983,1.53544,1.53565,1.00,1.00
2016.10.04 07:05:33.106,1.53533,1.53565,1.00,1.00
2016.10.04 07:05:33.156,1.53533,1.53569,1.50,1.00
2016.10.04 07:05:33.308,1.53535,1.53569,1.00,1.00
2016.10.04 07:05:33.510,1.53534,1.53569,1.50,1.00
2016.10.04 07:05:33.670,1.53536,1.53566,1.00,1.00
2016.10.04 07:05:34.290,1.53536,1.53566,1.00,1.00
2016.10.04 07:05:34.510,1.53536,1.53566,1.50,1.00
2016.10.04 07:05:34.765,1.53536,1.53566,2.25,1.00
2016.10.04 07:05:34.974,1.53536,1.53566,1.50,1.00
2016.10.04 07:05:35.075,1.53536,1.53566,1.00,1.00
2016.10.04 07:05:35.176,1.53534,1.53564,1.00,1.00
2016.10.04 07:05:35.237,1.53534,1.53564,1.50,1.00
2016.10.04 07:05:35.288,1.53535,1.53564,1.00,1.00
2016.10.04 07:05:35.603,1.53535,1.53564,1.50,1.00
2016.10.04 07:05:35.654,1.53535,1.53564,2.25,1.00
2016.10.04 07:05:35.705,1.53536,1.53564,1.00,1.00
2016.10.04 07:05:36.780,1.53534,1.53563,1.00,1.00
2016.10.04 07:05:36.881,1.53536,1.53565,1.00,1.00
2016.10.04 07:05:36.994,1.53536,1.53567,1.00,1.00
2016.10.04 07:05:37.249,1.53537,1.53567,1.50,1.00
2016.10.04 07:05:37.300,1.53539,1.53569,1.00,1.00
2016.10.04 07:05:37.402,1.53539,1.53569,1.50,1.00
2016.10.04 07:05:37.505,1.53544,1.53569,1.00,1.00
2016.10.04 07:05:37.606,1.53541,1.5357,1.00,1.00
2016.10.04 07:05:37.778,1.53537,1.53565,1.37,1.00
2016.10.04 07:05:37.829,1.53536,1.53565,1.00,1.00
2016.10.04 07:05:38.661,1.53536,1.53567,1.00,1.00
2016.10.04 07:05:38.986,1.53538,1.53567,1.00,1.00
2016.10.04 07:05:39.323,1.53535,1.53564,1.00,1.00
2016.10.04 07:05:40.103,1.53533,1.53564,3.00,1.00
2016.10.04 07:05:40.154,1.53533,1.53564,2.25,1.00
2016.10.04 07:05:40.783,1.53533,1.53561,2.25,1.00
2016.10.04 07:05:40.834,1.53534,1.53561,1.00,1.00
2016.10.04 07:05:41.397,1.53534,1.5356,1.00,1.00
2016.10.04 07:05:42.205,1.5353,1.53559,1.00,1.00
2016.10.04 07:05:42.667,1.53533,1.53564,1.00,1.00
2016.10.04 07:05:42.776,1.53543,1.5357,1.00,1.50
2016.10.04 07:05:42.827,1.53543,1.53571,1.00,1.37
2016.10.04 07:05:42.877,1.53543,1.53571,1.00,1.00
2016.10.04 07:05:43.289,1.53545,1.53575,1.00,1.00
2016.10.04 07:05:43.441,1.53545,1.53575,1.50,1.00
2016.10.04 07:05:43.593,1.53545,1.53575,1.00,1.00
2016.10.04 07:05:43.969,1.53547,1.53579,1.00,1.35
2016.10.04 07:05:44.071,1.53546,1.53574,1.50,1.00
2016.10.04 07:05:44.223,1.53554,1.53574,1.00,1.00
2016.10.04 07:05:44.735,1.53554,1.53579,1.00,1.35
2016.10.04 07:05:44.837,1.53554,1.53579,1.00,1.00
2016.10.04 07:05:44.887,1.53554,1.53582,1.00,1.00
2016.10.04 07:05:44.938,1.53549,1.53582,1.50,1.00
2016.10.04 07:05:45.040,1.53548,1.53582,2.25,1.00
2016.10.04 07:05:45.141,1.53548,1.53582,3.00,1.00
2016.10.04 07:05:45.374,1.53554,1.53582,1.00,1.00
2016.10.04 07:05:45.912,1.53554,1.53587,1.00,1.00
2016.10.04 07:05:46.716,1.53554,1.53583,1.00,1.00
2016.10.04 07:05:47.027,1.53557,1.53585,1.00,1.00
2016.10.04 07:05:47.179,1.53554,1.53584,1.50,1.00
2016.10.04 07:05:47.280,1.53554,1.53582,1.00,1.00
2016.10.04 07:05:47.432,1.53551,1.53582,1.00,1.00
2016.10.04 07:05:47.558,1.53551,1.53582,1.00,1.00
2016.10.04 07:05:47.659,1.53553,1.53582,1.00,1.00
2016.10.04 07:05:48.211,1.53554,1.53582,1.00,1.00
2016.10.04 07:05:48.425,1.53551,1.53582,1.00,1.00
2016.10.04 07:05:48.556,1.53554,1.53582,1.00,1.00
2016.10.04 07:05:49.334,1.53553,1.53582,1.00,1.00
2016.10.04 07:05:50.209,1.53553,1.53584,1.50,1.00
2016.10.04 07:05:50.279,1.53558,1.53586,1.00,1.00
2016.10.04 07:05:50.330,1.53558,1.53586,1.00,1.00
2016.10.04 07:05:51.338,1.53556,1.53587,1.00,1.00
2016.10.04 07:05:51.765,1.53557,1.53587,1.00,1.00
2016.10.04 07:05:51.816,1.53568,1.53593,1.00,1.00
2016.10.04 07:05:51.867,1.5357,1.53597,1.00,1.00
2016.10.04 07:05:51.917,1.53571,1.53599,1.00,1.12
2016.10.04 07:05:51.968,1.53571,1.53599,1.00,1.00
2016.10.04 07:05:52.135,1.53569,1.53597,1.00,1.00
2016.10.04 07:05:54.786,1.53568,1.53596,1.00,1.00
2016.10.04 07:05:55.902,1.53566,1.53594,2.25,1.00
2016.10.04 07:05:55.953,1.53566,1.53594,1.00,1.00
2016.10.04 07:05:56.206,1.53567,1.53597,1.00,1.00
2016.10.04 07:05:56.307,1.53567,1.53595,1.00,1.00
2016.10.04 07:05:57.431,1.53566,1.53594,1.50,1.00
2016.10.04 07:05:57.490,1.53566,1.53596,1.50,1.00
2016.10.04 07:05:57.693,1.53566,1.53596,2.25,1.00
2016.10.04 07:05:57.794,1.53566,1.53596,1.50,1.00
2016.10.04 07:05:58.171,1.53566,1.53595,1.00,1.00
2016.10.04 07:05:58.370,1.53565,1.53595,1.50,1.00
2016.10.04 07:05:58.471,1.53565,1.53595,2.25,1.00
2016.10.04 07:05:58.572,1.53566,1.53595,1.00,1.00
2016.10.04 07:05:58.775,1.53567,1.53595,1.50,1.00
2016.10.04 07:05:58.965,1.53566,1.53595,1.00,1.00
2016.10.04 07:05:59.016,1.53566,1.53593,1.00,1.00
2016.10.04 07:05:59.168,1.53565,1.53593,2.25,1.00
2016.10.04 07:05:59.269,1.53565,1.53593,1.50,1.00
2016.10.04 07:05:59.320,1.53566,1.53595,1.00,1.00
2016.10.04 07:05:59.670,1.53569,1.53597,1.00,1.00
2016.10.04 07:06:00.095,1.53574,1.53597,1.00,1.00
2016.10.04 07:06:00.298,1.53573,1.53599,1.00,1.00
2016.10.04 07:06:00.349,1.53567,1.53599,1.50,1.00
2016.10.04 07:06:00.450,1.53567,1.53599,1.00,1.60
2016.10.04 07:06:00.614,1.53567,1.53599,1.00,2.10
2016.10.04 07:06:00.669,1.53559,1.53589,1.00,1.00
2016.10.04 07:06:00.878,1.53559,1.53589,1.00,1.00
2016.10.04 07:06:00.980,1.53559,1.53589,1.00,1.00
2016.10.04 07:06:01.030,1.53556,1.53587,1.00,1.00
2016.10.04 07:06:01.081,1.53556,1.53587,1.00,1.00
2016.10.04 07:06:01.304,1.53554,1.53582,1.00,1.00
2016.10.04 07:06:01.914,1.53554,1.53583,1.00,1.00
2016.10.04 07:06:02.453,1.53555,1.53584,1.00,1.00
2016.10.04 07:06:02.713,1.53553,1.53583,1.50,1.00
2016.10.04 07:06:02.815,1.53553,1.53582,1.00,1.00
2016.10.04 07:06:02.866,1.53553,1.53582,1.00,1.00
2016.10.04 07:06:02.917,1.53553,1.53575,1.00,1.00
2016.10.04 07:06:03.438,1.53544,1.53577,1.50,1.00
2016.10.04 07:06:03.541,1.53548,1.53578,1.00,1.00
2016.10.04 07:06:04.366,1.53548,1.53578,1.00,1.00
2016.10.04 07:06:04.467,1.53547,1.53577,1.00,1.00
2016.10.04 07:06:05.167,1.53553,1.53577,1.00,1.00
2016.10.04 07:06:05.531,1.53545,1.53578,1.00,1.00
2016.10.04 07:06:06.044,1.53546,1.53576,1.00,1.00
2016.10.04 07:06:06.575,1.53544,1.53575,1.00,1.00
2016.10.04 07:06:07.287,1.53543,1.53575,1.50,1.00
2016.10.04 07:06:08.041,1.53544,1.53575,1.00,1.00
2016.10.04 07:06:08.114,1.53544,1.53575,1.00,1.00
2016.10.04 07:06:08.164,1.53543,1.53575,1.50,1.00
2016.10.04 07:06:08.215,1.53543,1.53575,1.50,1.00
2016.10.04 07:06:08.316,1.53543,1.53575,1.50,1.00
2016.10.04 07:06:08.792,1.53543,1.53575,1.50,1.00
2016.10.04 07:06:08.916,1.53543,1.53575,1.50,1.00
2016.10.04 07:06:08.967,1.53543,1.53575,1.00,1.60
2016.10.04 07:06:09.018,1.53538,1.53568,1.87,1.00
2016.10.04 07:06:09.119,1.53537,1.53568,1.00,1.00
2016.10.04 07:06:10.012,1.53537,1.53567,1.00,1.00
2016.10.04 07:06:11.069,1.53537,1.53569,1.00,1.00
2016.10.04 07:06:11.171,1.53543,1.53569,1.00,1.00
2016.10.04 07:06:11.222,1.53543,1.53573,1.00,1.60
2016.10.04 07:06:11.272,1.53541,1.53573,1.00,1.00
2016.10.04 07:06:11.426,1.53544,1.53574,1.00,1.00
2016.10.04 07:06:11.762,1.53554,1.53574,1.00,1.00
2016.10.04 07:06:11.813,1.53554,1.53574,1.00,1.00
2016.10.04 07:06:12.290,1.53554,1.53574,1.00,1.00
2016.10.04 07:06:12.340,1.53554,1.53572,1.00,1.00
2016.10.04 07:06:12.545,1.53544,1.53571,1.00,1.00
2016.10.04 07:06:12.646,1.53542,1.53569,1.00,1.00
2016.10.04 07:06:12.697,1.5354,1.53569,1.00,1.00
2016.10.04 07:06:12.798,1.53539,1.53569,2.25,1.00
2016.10.04 07:06:12.849,1.5354,1.53569,1.00,1.00
2016.10.04 07:06:12.900,1.5354,1.53569,1.00,1.00
2016.10.04 07:06:12.951,1.53544,1.53573,1.00,1.00
2016.10.04 07:06:13.324,1.53544,1.53568,1.00,1.00
2016.10.04 07:06:13.526,1.53544,1.5357,1.00,1.00
2016.10.04 07:06:14.571,1.53534,1.53559,1.00,1.00
2016.10.04 07:06:15.078,1.53533,1.53559,1.00,1.00
2016.10.04 07:06:15.364,1.53533,1.53562,1.00,1.00
2016.10.04 07:06:15.883,1.53534,1.53562,1.00,1.00
2016.10.04 07:06:16.242,1.53534,1.53563,1.00,1.35
2016.10.04 07:06:16.343,1.53534,1.53564,1.50,1.60
2016.10.04 07:06:16.394,1.53534,1.53564,2.25,1.60
2016.10.04 07:06:16.495,1.53534,1.53564,1.50,1.60
2016.10.04 07:06:16.546,1.53534,1.53563,1.00,1.35
2016.10.04 07:06:16.647,1.53535,1.53565,1.00,1.60
2016.10.04 07:06:16.850,1.53535,1.53565,1.00,1.00
2016.10.04 07:06:17.794,1.53535,1.53565,1.00,1.00
2016.10.04 07:06:17.844,1.53533,1.5356,1.00,1.00
2016.10.04 07:06:18.141,1.53534,1.53557,1.00,1.00
2016.10.04 07:06:18.489,1.53527,1.53557,2.25,1.00
2016.10.04 07:06:18.789,1.53527,1.53557,1.50,1.00
2016.10.04 07:06:19.026,1.53527,1.53557,1.50,1.00
2016.10.04 07:06:19.177,1.53527,1.53557,1.00,1.00
2016.10.04 07:06:20.057,1.53533,1.53557,1.00,1.00
2016.10.04 07:06:20.158,1.53533,1.53561,1.00,1.00
2016.10.04 07:06:21.039,1.53533,1.53562,1.00,1.00
2016.10.04 07:06:21.349,1.5353,1.53562,1.00,1.00
2016.10.04 07:06:21.450,1.53529,1.53559,1.00,1.00
2016.10.04 07:06:21.565,1.53523,1.53554,1.00,1.00
2016.10.04 07:06:21.616,1.53521,1.53554,1.00,1.00
2016.10.04 07:06:21.717,1.53521,1.53554,1.00,1.00
2016.10.04 07:06:21.850,1.53521,1.53552,1.00,1.00
2016.10.04 07:06:21.901,1.53514,1.53546,1.00,1.00
2016.10.04 07:06:22.407,1.53515,1.53547,1.00,1.00
2016.10.04 07:06:23.760,1.53522,1.53554,1.00,1.00
2016.10.04 07:06:23.877,1.53524,1.53554,1.50,1.00
2016.10.04 07:06:23.928,1.53524,1.53554,1.50,1.00
2016.10.04 07:06:23.979,1.53524,1.53554,1.00,1.00
2016.10.04 07:06:24.978,1.53526,1.53556,1.00,1.00
2016.10.04 07:06:25.358,1.5353,1.5356,1.00,1.50
2016.10.04 07:06:25.496,1.53536,1.53564,1.00,2.47
2016.10.04 07:06:25.547,1.53536,1.53564,1.00,1.00
2016.10.04 07:06:25.598,1.53536,1.53566,1.00,1.12
2016.10.04 07:06:25.668,1.53536,1.53566,1.00,1.00
2016.10.04 07:06:26.936,1.53536,1.53566,1.00,1.60
2016.10.04 07:06:26.987,1.53524,1.5356,1.87,1.00
2016.10.04 07:06:27.044,1.53525,1.53555,1.00,1.00
2016.10.04 07:06:28.167,1.53525,1.53557,1.00,1.00
2016.10.04 07:06:28.559,1.53521,1.53551,1.00,1.00
2016.10.04 07:06:28.761,1.53519,1.53551,1.00,1.00
2016.10.04 07:06:28.970,1.53518,1.53548,1.00,1.00
2016.10.04 07:06:30.075,1.53518,1.53549,1.00,1.00
2016.10.04 07:06:30.276,1.53518,1.53549,1.00,1.35
2016.10.04 07:06:30.378,1.53515,1.53546,1.00,1.00
2016.10.04 07:06:30.428,1.53514,1.53546,1.50,1.00
2016.10.04 07:06:30.479,1.53513,1.53544,1.00,1.00
2016.10.04 07:06:31.284,1.53514,1.53544,1.00,1.00
2016.10.04 07:06:31.613,1.53514,1.53546,1.50,1.00
2016.10.04 07:06:31.716,1.53514,1.53546,1.00,1.00
2016.10.04 07:06:31.946,1.53515,1.53546,1.50,1.00
2016.10.04 07:06:32.136,1.53515,1.53546,1.00,1.00
2016.10.04 07:06:32.341,1.53516,1.53549,1.00,1.60
2016.10.04 07:06:32.443,1.53517,1.53549,1.50,1.60
2016.10.04 07:06:32.546,1.53517,1.53548,1.00,1.60
2016.10.04 07:06:32.596,1.53516,1.53549,2.25,1.60
2016.10.04 07:06:32.653,1.53516,1.53548,1.50,1.60
2016.10.04 07:06:32.704,1.53523,1.53548,1.00,1.60
2016.10.04 07:06:33.292,1.53515,1.53546,1.12,1.00
2016.10.04 07:06:33.343,1.53515,1.53546,1.87,1.00
2016.10.04 07:06:33.394,1.53516,1.53546,1.00,1.00
2016.10.04 07:06:33.584,1.53515,1.53546,1.12,1.00
2016.10.04 07:06:33.636,1.53515,1.53546,1.00,1.00
2016.10.04 07:06:34.263,1.53515,1.53545,1.00,1.00
2016.10.04 07:06:34.314,1.53517,1.53546,1.00,1.00
2016.10.04 07:06:34.366,1.53516,1.53543,1.00,1.00
2016.10.04 07:06:34.805,1.53513,1.53536,1.00,1.00
2016.10.04 07:06:35.110,1.53514,1.53534,1.00,1.00
2016.10.04 07:06:35.467,1.53513,1.53532,1.00,1.00
2016.10.04 07:06:35.991,1.53514,1.53532,1.00,1.00
2016.10.04 07:06:36.200,1.53504,1.53532,1.50,1.00
2016.10.04 07:06:36.301,1.53502,1.53528,1.00,1.00
2016.10.04 07:06:36.352,1.535,1.53528,1.00,1.00
2016.10.04 07:06:36.402,1.53504,1.53528,1.00,1.00
2016.10.04 07:06:36.927,1.53501,1.53528,1.00,1.00
2016.10.04 07:06:36.978,1.53502,1.5353,1.00,1.00
2016.10.04 07:06:37.053,1.53504,1.5353,1.00,1.00
2016.10.04 07:06:37.509,1.53502,1.5353,1.00,1.00
2016.10.04 07:06:37.560,1.535,1.53528,1.00,1.00
2016.10.04 07:06:37.610,1.53499,1.53528,1.50,1.00
2016.10.04 07:06:37.661,1.535,1.53528,1.00,1.00
2016.10.04 07:06:37.964,1.53502,1.5353,1.00,1.00
2016.10.04 07:06:38.283,1.53504,1.5353,1.00,1.00
2016.10.04 07:06:38.587,1.53514,1.5353,1.00,1.00
2016.10.04 07:06:38.638,1.53503,1.5353,1.00,1.00
2016.10.04 07:06:38.688,1.53503,1.5353,1.00,1.00
2016.10.04 07:06:38.790,1.53502,1.5353,1.00,1.00
2016.10.04 07:06:38.963,1.53502,1.53531,1.00,1.00
2016.10.04 07:06:39.317,1.53502,1.53531,1.00,1.00
2016.10.04 07:06:39.913,1.53504,1.53531,1.00,1.00
2016.10.04 07:06:40.065,1.53503,1.53531,1.50,1.00
2016.10.04 07:06:40.115,1.53503,1.53531,2.25,1.00
2016.10.04 07:06:40.217,1.53503,1.53531,1.50,1.00
2016.10.04 07:06:40.379,1.53503,1.53526,1.50,1.00
2016.10.04 07:06:40.432,1.53492,1.53524,1.00,1.00
2016.10.04 07:06:40.483,1.53499,1.53526,1.00,1.50
2016.10.04 07:06:40.585,1.53503,1.53529,1.00,1.35
2016.10.04 07:06:40.686,1.53504,1.53526,1.00,1.00
2016.10.04 07:06:41.411,1.53495,1.53526,1.50,1.00
2016.10.04 07:06:41.514,1.53497,1.53531,1.00,2.10
2016.10.04 07:06:41.566,1.53497,1.53531,1.00,1.00
2016.10.04 07:06:41.906,1.53502,1.53531,1.00,1.00
2016.10.04 07:06:42.007,1.53499,1.53531,1.50,1.00
2016.10.04 07:06:42.116,1.53499,1.53531,1.00,1.00
2016.10.04 07:06:42.217,1.53496,1.53529,1.00,1.00
2016.10.04 07:06:42.405,1.53496,1.53529,1.50,1.00
2016.10.04 07:06:42.455,1.53497,1.53529,1.00,1.00
2016.10.04 07:06:42.615,1.53496,1.53529,1.00,1.00
2016.10.04 07:06:42.671,1.53495,1.53529,1.00,1.00
2016.10.04 07:06:42.877,1.53494,1.53529,2.25,1.00
2016.10.04 07:06:43.058,1.53495,1.53529,1.00,1.00
2016.10.04 07:06:43.707,1.53494,1.53529,2.25,1.00
2016.10.04 07:06:44.026,1.53495,1.53529,1.00,1.00
2016.10.04 07:06:44.127,1.53497,1.53529,1.00,1.00
2016.10.04 07:06:44.279,1.53495,1.53529,1.00,1.00
2016.10.04 07:06:44.380,1.53496,1.53529,1.50,1.00
2016.10.04 07:06:44.541,1.53494,1.53528,1.00,1.00
2016.10.04 07:06:44.643,1.53494,1.53528,1.50,1.00
2016.10.04 07:06:44.695,1.53495,1.53528,1.00,1.00
2016.10.04 07:06:44.998,1.53494,1.53527,1.00,1.00
2016.10.04 07:06:45.215,1.53496,1.53527,1.00,1.00
2016.10.04 07:06:45.417,1.53496,1.53527,1.50,1.00
2016.10.04 07:06:45.519,1.53497,1.53527,1.00,1.00
2016.10.04 07:06:45.620,1.53496,1.53527,1.50,1.00
2016.10.04 07:06:46.008,1.53496,1.53527,1.00,1.00
2016.10.04 07:06:46.706,1.53496,1.53521,1.00,1.00
2016.10.04 07:06:46.758,1.53489,1.53521,1.50,1.00
2016.10.04 07:06:46.808,1.53486,1.53518,1.37,1.00
2016.10.04 07:06:46.859,1.53486,1.53518,1.00,1.00
2016.10.04 07:06:47.246,1.53488,1.53522,1.00,1.00
2016.10.04 07:06:47.610,1.5349,1.53522,1.00,1.00
2016.10.04 07:06:47.712,1.5349,1.53522,1.00,1.00
2016.10.04 07:06:47.813,1.53489,1.53522,1.50,1.00
2016.10.04 07:06:48.028,1.53489,1.5352,1.00,1.00
2016.10.04 07:06:48.078,1.53488,1.5352,1.87,1.00
2016.10.04 07:06:48.129,1.53488,1.5352,2.25,1.00
2016.10.04 07:06:48.180,1.53488,1.53518,2.25,1.00
2016.10.04 07:06:48.231,1.53487,1.53518,1.75,1.00
2016.10.04 07:06:48.282,1.53487,1.53518,1.37,1.00
2016.10.04 07:06:48.333,1.53484,1.53518,2.25,1.00
2016.10.04 07:06:48.434,1.53484,1.53518,1.50,1.00
2016.10.04 07:06:48.562,1.53485,1.53518,1.00,1.00
2016.10.04 07:06:48.767,1.53485,1.53518,1.00,1.00
2016.10.04 07:06:48.819,1.5349,1.53518,1.00,1.00
2016.10.04 07:06:49.022,1.53499,1.5353,1.00,1.00
2016.10.04 07:06:49.124,1.53498,1.53532,1.50,1.00
2016.10.04 07:06:49.238,1.53498,1.53532,1.00,1.00
2016.10.04 07:06:49.713,1.53498,1.53532,1.50,1.00
2016.10.04 07:06:49.814,1.53499,1.53532,1.00,1.00
2016.10.04 07:06:50.128,1.53498,1.5353,1.50,1.00
2016.10.04 07:06:50.281,1.53499,1.53527,1.50,1.00
2016.10.04 07:06:50.331,1.53499,1.53527,1.00,1.00
2016.10.04 07:06:50.382,1.53499,1.53524,1.00,1.00
2016.10.04 07:06:50.433,1.53494,1.53524,1.00,1.00
2016.10.04 07:06:50.534,1.53493,1.53524,1.00,1.00
2016.10.04 07:06:50.699,1.53493,1.5352,1.00,1.00
2016.10.04 07:06:51.003,1.53494,1.53521,1.00,1.00
2016.10.04 07:06:51.154,1.53487,1.53521,1.00,1.00
2016.10.04 07:06:51.337,1.53487,1.53522,1.00,1.50
2016.10.04 07:06:51.388,1.53486,1.53521,1.00,1.00
2016.10.04 07:06:51.439,1.53494,1.53521,1.00,1.00
2016.10.04 07:06:51.540,1.53494,1.53521,1.00,1.00
2016.10.04 07:06:52.076,1.53485,1.5352,1.50,1.00
2016.10.04 07:06:52.160,1.53487,1.53523,1.50,1.35
2016.10.04 07:06:52.211,1.5349,1.53524,1.50,1.50
2016.10.04 07:06:52.262,1.5349,1.53524,1.50,1.00
2016.10.04 07:06:52.312,1.53491,1.53524,1.00,1.00
2016.10.04 07:06:52.447,1.53491,1.53526,1.00,1.37
2016.10.04 07:06:52.499,1.53493,1.53526,1.00,1.50
2016.10.04 07:06:52.600,1.53493,1.53526,1.00,1.00
2016.10.04 07:06:52.651,1.53491,1.53526,2.25,1.00
2016.10.04 07:06:52.710,1.53491,1.53526,1.50,1.00
2016.10.04 07:06:52.761,1.53491,1.53526,1.50,1.00
2016.10.04 07:06:52.812,1.53496,1.53526,1.00,1.00
2016.10.04 07:06:53.047,1.53494,1.53527,1.00,1.00
2016.10.04 07:06:53.249,1.53494,1.53527,1.00,1.00
2016.10.04 07:06:53.632,1.53493,1.53522,1.00,1.00
2016.10.04 07:06:54.418,1.5349,1.53523,1.50,1.00
2016.10.04 07:06:54.469,1.5349,1.53523,1.00,1.00
2016.10.04 07:06:54.571,1.53494,1.53523,1.00,1.00
2016.10.04 07:06:55.019,1.53494,1.5352,1.00,1.00
2016.10.04 07:06:55.182,1.53489,1.5352,1.50,1.00
2016.10.04 07:06:55.233,1.53489,1.53523,1.50,1.00
2016.10.04 07:06:55.334,1.53494,1.53523,1.00,1.00
2016.10.04 07:06:55.782,1.53494,1.53525,1.00,1.50
2016.10.04 07:06:55.833,1.53492,1.53525,1.00,1.00
2016.10.04 07:06:55.934,1.53492,1.53525,1.50,1.00
2016.10.04 07:06:56.036,1.53494,1.53529,1.00,1.37
2016.10.04 07:06:56.086,1.53494,1.53529,1.00,1.00
2016.10.04 07:06:56.137,1.53504,1.53529,1.00,1.00
2016.10.04 07:06:56.239,1.53504,1.53532,1.00,1.00
2016.10.04 07:06:56.725,1.53503,1.53533,1.00,1.35
2016.10.04 07:06:57.133,1.53503,1.53532,1.00,1.00
2016.10.04 07:06:57.184,1.53496,1.53532,1.50,1.00
2016.10.04 07:06:57.234,1.53496,1.53529,1.00,1.00
2016.10.04 07:06:57.336,1.53497,1.53531,1.50,1.00
2016.10.04 07:06:57.387,1.53497,1.53531,1.00,1.00
2016.10.04 07:06:57.437,1.53504,1.53531,1.00,1.00
2016.10.04 07:06:57.860,1.53504,1.53531,1.00,1.00
2016.10.04 07:06:57.911,1.53504,1.53533,1.00,1.00
2016.10.04 07:06:57.961,1.53502,1.53533,1.50,1.00
2016.10.04 07:06:58.012,1.53503,1.53538,1.00,1.00
2016.10.04 07:06:58.063,1.53504,1.53539,1.50,1.00
2016.10.04 07:06:58.207,1.53504,1.53539,1.00,1.00
2016.10.04 07:06:58.260,1.53506,1.53537,1.00,1.00
2016.10.04 07:06:58.413,1.53504,1.53537,1.00,1.00
2016.10.04 07:06:58.615,1.53504,1.53535,1.50,1.00
2016.10.04 07:06:59.072,1.53504,1.53535,1.00,1.00
2016.10.04 07:06:59.123,1.53504,1.53532,1.00,1.00
2016.10.04 07:06:59.376,1.53504,1.53532,1.50,1.00
2016.10.04 07:06:59.950,1.53504,1.53532,1.00,1.00
2016.10.04 07:07:00.492,1.53508,1.53532,1.50,1.00
2016.10.04 07:07:00.543,1.53511,1.53544,1.00,1.75
2016.10.04 07:07:00.594,1.53511,1.53547,1.00,1.75
2016.10.04 07:07:00.645,1.53511,1.53547,1.00,1.37
2016.10.04 07:07:00.696,1.53514,1.53547,1.00,1.00
2016.10.04 07:07:01.046,1.53512,1.53546,1.50,1.00
2016.10.04 07:07:01.147,1.53514,1.53546,1.00,1.00
2016.10.04 07:07:01.198,1.53514,1.53546,1.50,1.00
2016.10.04 07:07:01.300,1.53514,1.53546,1.00,1.00
2016.10.04 07:07:01.350,1.53518,1.53546,1.00,1.00
2016.10.04 07:07:01.483,1.53514,1.53549,2.25,1.00
2016.10.04 07:07:01.586,1.53514,1.53549,1.00,1.00
2016.10.04 07:07:01.687,1.53514,1.53549,2.25,1.00
2016.10.04 07:07:01.738,1.53515,1.53545,1.00,1.00
2016.10.04 07:07:01.940,1.53516,1.53548,1.00,1.00
2016.10.04 07:07:02.121,1.53514,1.53548,1.50,1.00
2016.10.04 07:07:02.172,1.53514,1.53548,1.00,1.00
2016.10.04 07:07:02.324,1.53516,1.53544,1.00,1.00
2016.10.04 07:07:02.924,1.53515,1.53546,1.00,1.00
2016.10.04 07:07:03.364,1.53515,1.53544,1.00,1.00
2016.10.04 07:07:03.668,1.53515,1.53544,1.50,1.00
2016.10.04 07:07:03.820,1.53515,1.53543,1.00,1.00
2016.10.04 07:07:03.982,1.53515,1.53543,1.00,1.00
2016.10.04 07:07:04.083,1.53514,1.53543,1.00,1.00
2016.10.04 07:07:04.387,1.53513,1.53543,1.50,1.00
2016.10.04 07:07:04.489,1.53513,1.53543,2.25,1.00
2016.10.04 07:07:04.749,1.53513,1.53541,1.00,1.00
2016.10.04 07:07:05.321,1.53514,1.53541,1.00,1.00
2016.10.04 07:07:05.386,1.53515,1.53543,1.00,1.00
2016.10.04 07:07:05.538,1.5352,1.53548,1.00,1.00
2016.10.04 07:07:05.589,1.5352,1.53548,1.00,1.00
2016.10.04 07:07:05.640,1.53518,1.53546,1.00,1.00
2016.10.04 07:07:06.013,1.53518,1.53546,2.25,1.00
2016.10.04 07:07:06.064,1.53518,1.53546,1.50,1.00
2016.10.04 07:07:06.115,1.53518,1.53546,1.00,1.00
2016.10.04 07:07:06.267,1.53529,1.53556,1.00,1.50
2016.10.04 07:07:06.318,1.53533,1.53563,1.00,2.25
2016.10.04 07:07:06.369,1.53534,1.53563,1.50,1.00
2016.10.04 07:07:06.419,1.53534,1.53565,1.50,1.00
2016.10.04 07:07:06.470,1.53533,1.53565,1.00,1.00
2016.10.04 07:07:06.699,1.53518,1.53553,1.50,1.00
2016.10.04 07:07:06.801,1.53518,1.53553,2.25,1.00
2016.10.04 07:07:06.903,1.53518,1.53553,1.00,1.00
2016.10.04 07:07:07.469,1.53518,1.53553,1.50,1.00
2016.10.04 07:07:07.520,1.53518,1.53553,1.50,1.00
2016.10.04 07:07:07.621,1.53518,1.53553,1.00,1.00
2016.10.04 07:07:07.773,1.53517,1.53553,1.50,1.00
2016.10.04 07:07:07.824,1.53516,1.5355,1.00,1.00
2016.10.04 07:07:08.004,1.53516,1.5355,1.00,1.00
2016.10.04 07:07:08.112,1.53517,1.5355,1.00,1.00
2016.10.04 07:07:08.172,1.53517,1.5355,1.50,1.00
2016.10.04 07:07:08.376,1.53517,1.5355,1.00,1.00
2016.10.04 07:07:08.630,1.53518,1.5355,1.50,1.00
2016.10.04 07:07:08.749,1.53518,1.5355,1.00,1.00
2016.10.04 07:07:08.799,1.53515,1.5355,1.50,1.00
2016.10.04 07:07:08.900,1.53515,1.5355,2.25,1.00
2016.10.04 07:07:09.002,1.53516,1.5355,1.00,1.00
2016.10.04 07:07:09.052,1.53516,1.53551,1.50,1.00
2016.10.04 07:07:09.103,1.53517,1.53551,1.00,1.00
2016.10.04 07:07:09.204,1.53517,1.53551,1.50,1.00
2016.10.04 07:07:09.406,1.53517,1.53551,1.00,1.00
2016.10.04 07:07:10.124,1.53519,1.53547,1.00,1.00
2016.10.04 07:07:10.663,1.53518,1.53546,1.00,1.00
2016.10.04 07:07:10.866,1.53517,1.53552,1.00,1.00
2016.10.04 07:07:10.999,1.53521,1.53549,1.00,1.00
2016.10.04 07:07:11.533,1.53521,1.53549,1.00,1.00
2016.10.04 07:07:11.634,1.53521,1.53549,1.00,1.00
2016.10.04 07:07:12.136,1.53522,1.53551,1.00,1.00
2016.10.04 07:07:12.440,1.53519,1.53549,1.50,1.00
2016.10.04 07:07:12.615,1.53533,1.53564,1.00,1.50
2016.10.04 07:07:12.717,1.53533,1.53564,1.00,1.50
2016.10.04 07:07:12.768,1.53533,1.53564,1.00,1.37
2016.10.04 07:07:12.819,1.53533,1.53564,1.00,1.00
2016.10.04 07:07:12.869,1.53533,1.53566,1.00,1.00
2016.10.04 07:07:13.021,1.53534,1.53566,1.50,1.00
2016.10.04 07:07:13.072,1.53534,1.53566,2.25,1.00
2016.10.04 07:07:13.123,1.53534,1.53566,1.00,1.00
2016.10.04 07:07:13.737,1.53536,1.5357,1.00,1.00
2016.10.04 07:07:13.840,1.53538,1.53568,1.00,1.00
2016.10.04 07:07:14.168,1.53543,1.53568,1.00,1.00
2016.10.04 07:07:14.633,1.53543,1.53566,1.00,1.00
2016.10.04 07:07:15.157,1.53544,1.53566,1.00,1.00
2016.10.04 07:07:15.697,1.53543,1.53566,1.00,1.00
2016.10.04 07:07:16.096,1.53538,1.53567,1.00,1.00
2016.10.04 07:07:16.651,1.53543,1.53572,1.00,1.37
2016.10.04 07:07:16.752,1.53549,1.53578,1.00,1.75
2016.10.04 07:07:16.803,1.53549,1.53578,1.00,1.00
2016.10.04 07:07:16.853,1.53549,1.53578,1.00,1.00
2016.10.04 07:07:16.954,1.53549,1.53578,1.00,1.00
2016.10.04 07:07:17.190,1.53549,1.53578,1.00,1.00
2016.10.04 07:07:17.241,1.53554,1.53582,1.00,1.00
2016.10.04 07:07:17.292,1.53553,1.53586,1.00,1.00
2016.10.04 07:07:17.451,1.53553,1.53578,1.00,1.00
2016.10.04 07:07:17.502,1.5355,1.53578,1.00,1.00
2016.10.04 07:07:17.553,1.53547,1.53584,2.25,1.50
2016.10.04 07:07:17.604,1.53547,1.53584,1.50,1.50
2016.10.04 07:07:17.879,1.53547,1.53582,1.00,1.00
2016.10.04 07:07:17.930,1.53547,1.53582,1.50,1.00
2016.10.04 07:07:18.083,1.53553,1.53582,1.00,1.00
2016.10.04 07:07:18.286,1.53548,1.53582,1.00,1.00
2016.10.04 07:07:18.561,1.53551,1.53582,1.00,1.00
2016.10.04 07:07:18.713,1.53549,1.53582,1.00,1.00
2016.10.04 07:07:18.916,1.53554,1.53582,1.00,1.00
2016.10.04 07:07:19.120,1.53544,1.53577,2.25,1.00
2016.10.04 07:07:19.171,1.53544,1.53574,1.87,1.00
2016.10.04 07:07:19.345,1.53544,1.53576,1.00,1.00
2016.10.04 07:07:19.446,1.53545,1.53576,1.50,1.00
2016.10.04 07:07:19.597,1.53554,1.53576,1.00,1.00
2016.10.04 07:07:19.851,1.53554,1.53581,1.00,1.00
2016.10.04 07:07:19.902,1.53546,1.53581,1.00,1.00
2016.10.04 07:07:19.953,1.53549,1.53581,1.00,1.00
2016.10.04 07:07:20.288,1.53554,1.53581,1.00,1.00
2016.10.04 07:07:20.846,1.53554,1.5358,1.00,1.00
2016.10.04 07:07:21.158,1.53554,1.53578,1.00,1.00
2016.10.04 07:07:21.564,1.53554,1.5358,1.00,1.00
2016.10.04 07:07:22.094,1.53554,1.53581,1.00,1.00
2016.10.04 07:07:22.818,1.53553,1.53581,1.50,1.00
2016.10.04 07:07:22.869,1.53553,1.53579,1.00,1.00
2016.10.04 07:07:22.920,1.53549,1.53579,1.37,1.00
2016.10.04 07:07:22.972,1.53546,1.53581,1.37,1.00
2016.10.04 07:07:23.023,1.53547,1.53581,1.00,1.00
2016.10.04 07:07:23.074,1.53548,1.53579,1.00,1.00
2016.10.04 07:07:23.249,1.53546,1.5358,1.50,1.00
2016.10.04 07:07:23.836,1.53545,1.5358,1.50,1.00
2016.10.04 07:07:23.887,1.53549,1.53578,1.00,1.00
2016.10.04 07:07:24.191,1.53554,1.53578,1.00,1.00
2016.10.04 07:07:24.658,1.53539,1.53573,1.00,1.00
2016.10.04 07:07:24.961,1.53535,1.5357,1.00,1.00
2016.10.04 07:07:25.012,1.53535,1.5357,1.00,1.00
2016.10.04 07:07:25.134,1.53535,1.5357,1.50,1.00
2016.10.04 07:07:25.248,1.53537,1.53567,1.00,1.00
2016.10.04 07:07:25.300,1.53537,1.53572,1.00,1.00
2016.10.04 07:07:25.351,1.53542,1.53572,1.00,1.00
2016.10.04 07:07:25.401,1.53544,1.53577,1.00,1.00
2016.10.04 07:07:25.452,1.53544,1.53577,1.50,1.00
2016.10.04 07:07:25.503,1.53544,1.53577,1.00,1.00
2016.10.04 07:07:25.626,1.53545,1.53582,1.00,1.35
2016.10.04 07:07:25.677,1.53551,1.53584,1.00,1.00
2016.10.04 07:07:25.880,1.53552,1.53587,1.00,1.00
2016.10.04 07:07:25.981,1.53553,1.53587,1.00,1.00
2016.10.04 07:07:26.032,1.53553,1.53587,1.50,1.00
2016.10.04 07:07:26.322,1.53553,1.53587,2.25,1.00
2016.10.04 07:07:26.474,1.53553,1.53587,1.50,1.00
2016.10.04 07:07:26.626,1.53554,1.53587,1.00,1.00
2016.10.04 07:07:26.683,1.53554,1.53586,1.50,1.00
2016.10.04 07:07:26.959,1.53554,1.53586,1.00,1.00
2016.10.04 07:07:27.577,1.53555,1.53585,1.00,1.00
2016.10.04 07:07:27.681,1.53551,1.53579,2.25,1.00
2016.10.04 07:07:27.732,1.53551,1.53579,1.12,1.00
2016.10.04 07:07:27.783,1.53548,1.53575,1.37,1.00
2016.10.04 07:07:27.834,1.53547,1.53575,1.00,1.00
2016.10.04 07:07:27.936,1.53553,1.53575,1.00,1.00
2016.10.04 07:07:28.220,1.53547,1.53575,1.00,1.00
2016.10.04 07:07:28.688,1.53545,1.53575,1.00,1.00
2016.10.04 07:07:29.169,1.53546,1.53575,1.37,1.00
2016.10.04 07:07:29.219,1.53546,1.53575,1.50,1.00
2016.10.04 07:07:29.270,1.53546,1.53575,1.12,1.00
2016.10.04 07:07:29.321,1.53546,1.53575,1.00,1.00
2016.10.04 07:07:29.474,1.53547,1.53575,1.12,1.00
2016.10.04 07:07:29.672,1.53547,1.53576,1.00,1.00
2016.10.04 07:07:30.318,1.53546,1.53576,1.00,1.00
2016.10.04 07:07:30.589,1.53547,1.53575,1.00,1.00
2016.10.04 07:07:30.690,1.53547,1.53575,1.00,1.00
2016.10.04 07:07:31.090,1.53547,1.53575,1.00,1.00
2016.10.04 07:07:31.141,1.53545,1.53573,1.00,1.00
2016.10.04 07:07:31.243,1.53545,1.53573,1.00,1.00
2016.10.04 07:07:31.294,1.53552,1.53584,1.50,2.62
2016.10.04 07:07:31.344,1.53553,1.53584,1.00,1.50
2016.10.04 07:07:31.395,1.53554,1.53584,1.00,1.00
2016.10.04 07:07:31.446,1.53554,1.53584,1.50,1.00
2016.10.04 07:07:31.497,1.53554,1.53584,1.00,1.00
2016.10.04 07:07:31.674,1.53548,1.53584,1.00,1.00
2016.10.04 07:07:31.725,1.53545,1.53582,1.00,1.00
2016.10.04 07:07:31.775,1.53553,1.53585,1.00,1.50
2016.10.04 07:07:31.877,1.53548,1.53584,1.00,1.00
2016.10.04 07:07:31.928,1.53547,1.53584,1.50,1.00
2016.10.04 07:07:31.979,1.53547,1.53577,1.00,1.00
2016.10.04 07:07:32.179,1.53543,1.53577,2.62,1.00
2016.10.04 07:07:32.245,1.53544,1.53577,1.00,1.00
2016.10.04 07:07:32.751,1.53544,1.53576,1.00,1.00
2016.10.04 07:07:32.802,1.53539,1.53576,1.50,1.00
2016.10.04 07:07:32.853,1.53539,1.53576,1.00,1.00
2016.10.04 07:07:32.904,1.53539,1.53573,1.00,1.00
2016.10.04 07:07:33.056,1.53539,1.53573,1.50,1.00
2016.10.04 07:07:33.158,1.5354,1.53573,1.00,1.00
2016.10.04 07:07:33.486,1.53544,1.53573,1.00,1.00
2016.10.04 07:07:34.028,1.53543,1.53579,1.00,1.00
2016.10.04 07:07:34.572,1.53544,1.53579,1.00,1.00
2016.10.04 07:07:34.698,1.53544,1.53577,1.00,1.00
2016.10.04 07:07:34.858,1.53544,1.53577,1.50,1.00
2016.10.04 07:07:34.909,1.53544,1.53579,2.25,1.00
2016.10.04 07:07:34.960,1.53544,1.53579,1.50,1.00
2016.10.04 07:07:35.011,1.53544,1.53574,1.00,1.00
2016.10.04 07:07:35.556,1.53543,1.53574,1.00,1.00
2016.10.04 07:07:35.809,1.53543,1.53576,1.00,1.00
2016.10.04 07:07:35.980,1.53544,1.53578,1.00,1.00
2016.10.04 07:07:36.031,1.53543,1.53578,2.62,1.00
2016.10.04 07:07:36.082,1.53543,1.53578,1.50,1.00
2016.10.04 07:07:36.184,1.53543,1.53578,2.25,1.00
2016.10.04 07:07:36.389,1.53543,1.53578,1.50,1.00
2016.10.04 07:07:36.708,1.53544,1.53578,1.00,1.00
2016.10.04 07:07:36.886,1.53543,1.53578,3.00,1.00
2016.10.04 07:07:36.936,1.53543,1.53578,2.25,1.00
2016.10.04 07:07:36.987,1.53543,1.53578,1.50,1.00
2016.10.04 07:07:37.088,1.53543,1.53578,2.25,1.00
2016.10.04 07:07:37.466,1.53543,1.53579,1.87,1.00
2016.10.04 07:07:37.516,1.53544,1.53573,1.37,1.00
2016.10.04 07:07:37.668,1.53544,1.53573,1.00,1.00
2016.10.04 07:07:37.769,1.53544,1.53573,1.50,1.00
2016.10.04 07:07:37.975,1.53544,1.53573,1.87,1.00
2016.10.04 07:07:38.025,1.53544,1.53576,1.37,1.00
2016.10.04 07:07:38.164,1.53543,1.53571,3.75,1.00
2016.10.04 07:07:38.215,1.53543,1.53571,1.87,1.00
2016.10.04 07:07:38.267,1.53543,1.53571,1.50,1.00
2016.10.04 07:07:38.368,1.53544,1.53571,2.62,1.00
2016.10.04 07:07:38.420,1.53544,1.53571,1.12,1.00
2016.10.04 07:07:38.521,1.53546,1.53576,1.00,1.00
2016.10.04 07:07:39.501,1.53545,1.53575,1.00,1.00
2016.10.04 07:07:40.095,1.53545,1.53575,1.00,1.00
2016.10.04 07:07:40.197,1.53545,1.53575,1.50,1.00
2016.10.04 07:07:40.307,1.53545,1.53575,1.00,1.00
2016.10.04 07:07:40.833,1.53545,1.53576,1.00,1.00
2016.10.04 07:07:41.635,1.53543,1.53571,1.00,1.00
2016.10.04 07:07:42.037,1.53544,1.53568,1.00,1.00
2016.10.04 07:07:42.609,1.53543,1.53568,1.00,1.00
2016.10.04 07:07:42.668,1.5354,1.53568,1.00,1.00
2016.10.04 07:07:43.015,1.53536,1.5356,1.00,1.00
2016.10.04 07:07:43.116,1.53524,1.53551,2.25,1.00
2016.10.04 07:07:43.217,1.53524,1.53551,1.37,1.00
2016.10.04 07:07:43.268,1.53524,1.53551,1.00,1.00
2016.10.04 07:07:43.479,1.53515,1.53545,1.50,1.00
2016.10.04 07:07:43.530,1.53515,1.53545,1.00,1.00
2016.10.04 07:07:43.634,1.53509,1.53544,1.50,1.00
2016.10.04 07:07:43.684,1.53509,1.53544,1.00,1.00
2016.10.04 07:07:43.786,1.53509,1.53544,1.00,1.12
2016.10.04 07:07:43.837,1.53504,1.53535,1.50,1.00
2016.10.04 07:07:43.888,1.53504,1.53535,1.00,1.00
2016.10.04 07:07:44.266,1.53503,1.53532,1.00,1.00
2016.10.04 07:07:44.370,1.53499,1.53532,1.00,1.00
2016.10.04 07:07:44.522,1.53497,1.53533,1.50,1.60
2016.10.04 07:07:44.573,1.53497,1.53533,1.50,1.00
2016.10.04 07:07:44.623,1.53494,1.53534,1.50,1.00
2016.10.04 07:07:44.674,1.53494,1.53534,1.50,1.50
2016.10.04 07:07:44.805,1.53494,1.53534,1.50,2.25
2016.10.04 07:07:44.856,1.53504,1.5353,1.00,1.00
2016.10.04 07:07:45.008,1.53504,1.5353,1.00,1.00
2016.10.04 07:07:45.160,1.53496,1.5353,1.00,1.00
2016.10.04 07:07:45.211,1.53496,1.5353,1.50,1.00
2016.10.04 07:07:45.313,1.53496,1.5353,2.25,1.00
2016.10.04 07:07:45.531,1.53499,1.53533,1.00,1.50
2016.10.04 07:07:45.582,1.53499,1.53533,1.12,1.12
2016.10.04 07:07:45.633,1.53501,1.53533,1.00,1.12
2016.10.04 07:07:45.685,1.53501,1.53533,1.00,1.00
2016.10.04 07:07:45.736,1.53498,1.53533,1.50,1.00
2016.10.04 07:07:45.838,1.53499,1.53534,1.12,1.00
2016.10.04 07:07:45.940,1.53502,1.53538,1.00,1.00
2016.10.04 07:07:46.063,1.53503,1.53538,1.50,1.00
2016.10.04 07:07:46.115,1.53503,1.53538,1.00,1.00
2016.10.04 07:07:46.217,1.53503,1.53538,1.50,1.00
2016.10.04 07:07:46.419,1.53503,1.53538,1.00,1.00
2016.10.04 07:07:46.521,1.53504,1.53539,1.50,1.00
2016.10.04 07:07:46.830,1.53504,1.53539,2.25,1.00
2016.10.04 07:07:46.902,1.53504,1.53539,3.00,1.00
