2010.09.17 01:00:01.794,1.8033,1.804,1.00,1.40
2010.09.17 01:00:02.056,1.80305,1.8037,1.00,1.00
2010.09.17 01:00:02.325,1.803,1.80375,1.00,1.00
2010.09.17 01:00:03.083,1.803,1.8037,1.60,1.00
2010.09.17 01:00:03.240,1.80285,1.8037,3.20,1.00
2010.09.17 01:00:03.781,1.80285,1.8037,1.60,1.00
2010.09.17 01:00:05.045,1.80285,1.8037,1.60,1.00
2010.09.17 01:00:05.187,1.803,1.8037,1.30,1.00
2010.09.17 01:00:05.321,1.8031,1.8037,1.60,1.00
2010.09.17 01:00:05.452,1.8031,1.80385,2.20,1.00
2010.09.17 01:00:05.713,1.8031,1.80385,3.80,1.00
2010.09.17 01:00:05.861,1.80315,1.80385,1.60,1.00
2010.09.17 01:00:06.341,1.8032,1.80385,1.00,1.00
2010.09.17 01:00:06.999,1.80325,1.804,3.80,1.00
2010.09.17 01:00:17.874,1.80335,1.80405,1.60,1.00
2010.09.17 01:00:18.151,1.8034,1.80415,3.80,1.00
2010.09.17 01:00:18.763,1.8034,1.80415,4.00,1.00
2010.09.17 01:00:18.914,1.8035,1.8042,1.60,1.00
2010.09.17 01:00:19.255,1.8035,1.8042,1.70,1.00
2010.09.17 01:00:20.080,1.8035,1.8042,1.60,1.00
2010.09.17 01:00:22.038,1.8035,1.80415,1.60,1.00
2010.09.17 01:00:22.331,1.8034,1.80405,3.20,1.00
2010.09.17 01:00:22.512,1.80335,1.80405,1.60,1.00
2010.09.17 01:00:24.487,1.80335,1.8039,1.60,1.00
2010.09.17 01:00:24.678,1.80305,1.8039,3.20,1.00
2010.09.17 01:00:24.793,1.80305,1.80385,3.20,1.30
2010.09.17 01:00:24.905,1.80305,1.8037,3.20,1.00
2010.09.17 01:00:25.022,1.80295,1.8037,3.80,1.00
2010.09.17 01:00:25.717,1.80285,1.80365,1.60,1.00
2010.09.17 01:00:25.983,1.8028,1.80365,3.30,1.00
2010.09.17 01:00:27.690,1.8028,1.80365,3.20,1.00
2010.09.17 01:00:29.890,1.8028,1.8037,3.90,1.00
2010.09.17 01:00:29.980,1.8028,1.8037,5.20,1.00
2010.09.17 01:00:30.151,1.80285,1.8037,1.60,1.00
2010.09.17 01:00:31.046,1.8029,1.8037,1.60,1.00
2010.09.17 01:00:37.470,1.8029,1.80375,1.60,1.00
2010.09.17 01:00:37.583,1.80295,1.8038,3.20,1.00
2010.09.17 01:00:38.883,1.80295,1.80375,1.60,1.00
2010.09.17 01:00:43.311,1.80295,1.8038,1.60,1.00
2010.09.17 01:00:43.421,1.80295,1.8038,3.20,1.00
2010.09.17 01:00:43.927,1.803,1.8038,1.60,1.00
2010.09.17 01:00:44.047,1.803,1.8039,3.20,1.00
2010.09.17 01:00:45.238,1.803,1.8039,1.60,2.30
2010.09.17 01:00:45.496,1.803,1.8039,1.00,2.30
2010.09.17 01:00:46.333,1.803,1.80375,1.00,1.00
2010.09.17 01:00:47.040,1.80295,1.80375,1.60,1.00
2010.09.17 01:00:47.276,1.8029,1.80375,1.00,1.00
2010.09.17 01:00:49.584,1.80285,1.8037,3.20,1.00
2010.09.17 01:00:49.723,1.80285,1.8035,3.20,1.00
2010.09.17 01:00:50.331,1.8029,1.8035,1.00,1.00
2010.09.17 01:00:50.482,1.8029,1.80375,1.00,1.00
2010.09.17 01:00:50.887,1.80285,1.80365,3.20,1.00
2010.09.17 01:00:51.094,1.8028,1.80365,1.70,1.00
2010.09.17 01:00:52.643,1.8028,1.80345,1.60,1.00
2010.09.17 01:00:53.101,1.8027,1.80345,3.80,1.00
2010.09.17 01:00:53.730,1.80275,1.80345,1.60,1.00
2010.09.17 01:00:53.868,1.80275,1.8035,3.80,1.00
2010.09.17 01:00:54.135,1.8028,1.8035,1.60,1.00
2010.09.17 01:00:54.275,1.8028,1.80345,1.60,1.00
2010.09.17 01:00:54.920,1.8029,1.8035,3.20,1.00
2010.09.17 01:00:55.265,1.8028,1.8035,1.60,1.00
2010.09.17 01:00:57.083,1.8028,1.8035,1.60,1.00
2010.09.17 01:00:57.215,1.8028,1.8035,1.60,1.00
2010.09.17 01:00:57.633,1.8028,1.8035,1.60,1.00
2010.09.17 01:01:01.418,1.80275,1.80345,1.00,1.00
2010.09.17 01:01:01.859,1.8027,1.80345,4.00,1.00
2010.09.17 01:01:02.590,1.80285,1.8036,1.00,1.00
2010.09.17 01:01:02.928,1.8027,1.80345,4.00,1.00
2010.09.17 01:01:03.871,1.8027,1.80345,3.90,1.00
2010.09.17 01:01:04.458,1.8027,1.80345,3.80,1.00
2010.09.17 01:01:05.473,1.8027,1.80345,4.00,1.00
2010.09.17 01:01:06.378,1.8028,1.8035,1.00,1.00
2010.09.17 01:01:06.547,1.8028,1.8035,1.60,1.00
2010.09.17 01:01:08.077,1.8027,1.80345,4.00,1.00
2010.09.17 01:01:13.803,1.8028,1.80345,1.00,1.00
2010.09.17 01:01:15.634,1.8028,1.80345,1.60,1.00
2010.09.17 01:01:15.962,1.8028,1.8035,1.60,1.00
2010.09.17 01:01:23.834,1.80285,1.8035,3.20,1.00
2010.09.17 01:01:23.972,1.8028,1.8035,1.60,1.00
2010.09.17 01:01:26.427,1.8028,1.8035,1.60,1.00
2010.09.17 01:01:26.501,1.8028,1.80345,1.60,1.00
2010.09.17 01:01:26.641,1.8027,1.80345,3.80,1.00
2010.09.17 01:01:27.457,1.8027,1.80345,4.00,1.00
2010.09.17 01:01:29.119,1.8027,1.80345,3.80,1.00
2010.09.17 01:01:39.356,1.80265,1.8034,3.80,1.00
2010.09.17 01:01:39.558,1.80275,1.8035,1.00,1.00
2010.09.17 01:01:40.051,1.8028,1.8035,1.60,1.00
2010.09.17 01:01:40.399,1.8027,1.80345,3.80,1.00
2010.09.17 01:01:50.338,1.8027,1.80345,1.00,1.00
2010.09.17 01:01:50.394,1.80265,1.80335,1.00,1.00
2010.09.17 01:01:55.781,1.8027,1.80345,1.00,1.00
2010.09.17 01:01:56.724,1.8027,1.80345,3.90,1.00
2010.09.17 01:02:03.151,1.8027,1.80345,4.30,1.00
2010.09.17 01:02:06.870,1.8027,1.80345,3.90,1.00
2010.09.17 01:02:06.932,1.8027,1.80345,4.30,1.00
2010.09.17 01:02:09.092,1.80275,1.80345,1.60,1.00
2010.09.17 01:02:10.056,1.8027,1.8034,1.00,1.00
2010.09.17 01:02:10.121,1.8026,1.8034,3.20,1.00
2010.09.17 01:02:10.351,1.8026,1.8034,1.60,1.00
2010.09.17 01:02:10.652,1.80255,1.8034,3.20,1.00
2010.09.17 01:02:12.139,1.8026,1.8034,1.00,1.00
2010.09.17 01:02:12.866,1.8026,1.80335,1.00,1.30
2010.09.17 01:02:13.203,1.8026,1.8032,1.00,1.00
2010.09.17 01:02:13.593,1.8025,1.8032,1.60,1.00
2010.09.17 01:02:14.636,1.8025,1.8032,1.60,1.00
2010.09.17 01:02:15.727,1.8027,1.8032,1.00,1.00
2010.09.17 01:02:15.800,1.8027,1.80335,1.00,1.30
2010.09.17 01:02:15.926,1.8025,1.8032,1.60,1.00
2010.09.17 01:02:16.499,1.8027,1.8032,1.60,1.00
2010.09.17 01:02:16.571,1.8026,1.80325,1.60,1.00
2010.09.17 01:02:16.633,1.8026,1.80325,1.00,1.00
2010.09.17 01:02:17.563,1.8026,1.80335,3.90,1.00
2010.09.17 01:02:17.902,1.8026,1.80335,3.80,1.00
2010.09.17 01:02:19.042,1.80265,1.8034,1.00,1.00
2010.09.17 01:02:19.382,1.8027,1.8034,1.60,1.00
2010.09.17 01:02:20.136,1.80275,1.8035,1.00,1.00
2010.09.17 01:02:20.449,1.80275,1.8035,2.20,1.00
2010.09.17 01:02:26.221,1.8031,1.8035,1.30,1.00
2010.09.17 01:02:26.413,1.80325,1.80385,1.00,1.60
2010.09.17 01:02:26.512,1.80325,1.8039,1.00,1.00
2010.09.17 01:02:26.612,1.8032,1.80385,1.00,1.00
2010.09.17 01:02:27.273,1.8031,1.80375,1.60,1.00
2010.09.17 01:02:28.012,1.803,1.80375,2.70,1.00
2010.09.17 01:02:28.673,1.803,1.80375,2.60,1.00
2010.09.17 01:02:32.868,1.803,1.8037,1.60,1.00
2010.09.17 01:02:33.005,1.803,1.80375,2.20,1.00
2010.09.17 01:02:33.273,1.803,1.8039,3.80,1.00
2010.09.17 01:02:33.402,1.803,1.80375,3.80,1.00
2010.09.17 01:02:33.660,1.803,1.80375,2.20,1.00
2010.09.17 01:02:34.721,1.803,1.80375,2.30,1.00
2010.09.17 01:02:35.381,1.8029,1.8036,1.00,1.00
2010.09.17 01:02:35.560,1.8029,1.8035,1.00,1.00
2010.09.17 01:02:35.652,1.80285,1.8035,1.60,1.00
2010.09.17 01:02:35.741,1.80275,1.8035,2.00,1.00
2010.09.17 01:02:36.251,1.80275,1.8035,2.20,1.00
2010.09.17 01:02:37.686,1.80275,1.8035,2.20,1.00
2010.09.17 01:02:41.090,1.80275,1.8035,2.20,1.00
2010.09.17 01:02:44.262,1.80275,1.8035,2.20,1.00
2010.09.17 01:02:45.323,1.8028,1.8035,1.00,1.00
2010.09.17 01:02:45.484,1.80285,1.8036,3.80,1.00
2010.09.17 01:02:46.736,1.80285,1.8036,3.80,1.00
2010.09.17 01:02:49.341,1.8029,1.8036,1.60,1.00
2010.09.17 01:02:49.411,1.80295,1.8036,1.60,1.00
2010.09.17 01:02:49.551,1.80295,1.80365,1.60,1.00
2010.09.17 01:02:57.511,1.803,1.8037,1.00,1.00
2010.09.17 01:02:58.057,1.803,1.80375,2.30,1.00
2010.09.17 01:02:58.166,1.803,1.80365,1.00,1.00
2010.09.17 01:03:02.558,1.803,1.80355,1.00,1.00
2010.09.17 01:03:03.251,1.803,1.80365,1.00,1.00
2010.09.17 01:03:03.407,1.80295,1.80365,1.60,1.00
2010.09.17 01:03:12.039,1.8028,1.80355,3.80,1.00
2010.09.17 01:03:14.284,1.8028,1.8035,3.20,1.00
2010.09.17 01:03:14.406,1.8028,1.8035,1.00,1.00
2010.09.17 01:03:14.533,1.80305,1.80365,1.00,1.30
2010.09.17 01:03:15.109,1.80305,1.8038,1.00,1.00
2010.09.17 01:03:15.458,1.803,1.80365,1.60,1.00
2010.09.17 01:03:15.804,1.803,1.80365,1.60,1.00
2010.09.17 01:03:16.145,1.803,1.8036,1.60,1.00
2010.09.17 01:03:16.978,1.8029,1.8036,3.20,1.00
2010.09.17 01:03:18.503,1.80285,1.8036,3.80,1.00
2010.09.17 01:03:19.262,1.80285,1.8036,3.80,1.00
2010.09.17 01:03:19.341,1.80285,1.80355,3.20,1.00
2010.09.17 01:03:19.425,1.80285,1.80355,1.60,1.00
2010.09.17 01:03:19.753,1.8028,1.80355,3.80,1.00
2010.09.17 01:03:23.109,1.8028,1.80355,4.00,1.00
2010.09.17 01:03:23.721,1.8028,1.80355,5.30,1.00
2010.09.17 01:03:23.831,1.8029,1.80365,3.80,1.00
2010.09.17 01:03:24.031,1.8029,1.80365,3.90,1.00
2010.09.17 01:03:27.771,1.8029,1.8036,3.20,1.00
2010.09.17 01:03:27.983,1.80285,1.8036,3.80,1.00
2010.09.17 01:03:28.737,1.8029,1.8036,1.60,1.00
2010.09.17 01:03:28.983,1.8029,1.8036,1.60,1.00
2010.09.17 01:03:29.233,1.80285,1.8036,3.80,1.00
2010.09.17 01:03:29.678,1.8029,1.8036,1.00,1.00
2010.09.17 01:03:30.288,1.80285,1.8036,3.80,1.00
2010.09.17 01:03:32.660,1.8028,1.8035,1.60,1.00
2010.09.17 01:03:32.801,1.8028,1.8035,1.70,1.00
2010.09.17 01:03:32.924,1.8028,1.8035,1.60,1.00
2010.09.17 01:03:33.163,1.80285,1.8035,3.20,1.00
2010.09.17 01:03:45.986,1.80285,1.8035,3.20,1.00
2010.09.17 01:03:46.101,1.80285,1.80345,3.20,1.00
2010.09.17 01:03:46.213,1.8027,1.80345,3.90,1.00
2010.09.17 01:03:47.317,1.8029,1.80345,1.00,1.00
2010.09.17 01:03:47.662,1.8029,1.80365,3.90,1.00
2010.09.17 01:03:48.872,1.8029,1.8038,3.20,3.80
2010.09.17 01:03:49.208,1.8031,1.8038,2.20,1.00
2010.09.17 01:03:49.941,1.8031,1.8037,1.60,1.00
2010.09.17 01:03:50.195,1.80295,1.8037,3.80,1.00
2010.09.17 01:03:50.494,1.803,1.8037,1.00,1.00
2010.09.17 01:03:50.793,1.8031,1.80385,1.00,1.00
2010.09.17 01:03:51.505,1.8031,1.80385,2.20,1.00
2010.09.17 01:03:51.794,1.80305,1.80375,1.60,1.00
2010.09.17 01:04:25.468,1.8031,1.8038,1.00,1.00
2010.09.17 01:04:25.531,1.8031,1.80385,1.00,1.00
2010.09.17 01:04:26.535,1.8031,1.80385,3.90,1.00
2010.09.17 01:04:38.020,1.80305,1.80375,1.60,1.00
2010.09.17 01:04:44.222,1.80305,1.80375,2.90,1.00
2010.09.17 01:04:44.322,1.80315,1.8039,2.20,1.00
2010.09.17 01:04:44.420,1.80315,1.8039,3.80,1.00
2010.09.17 01:04:47.173,1.8032,1.8039,1.00,1.00
2010.09.17 01:04:53.643,1.8032,1.8038,1.00,1.00
2010.09.17 01:04:53.702,1.80315,1.8038,3.60,1.00
2010.09.17 01:04:53.761,1.80315,1.8039,4.20,1.00
2010.09.17 01:04:54.351,1.8032,1.80395,1.00,1.00
2010.09.17 01:04:54.433,1.8032,1.80395,3.80,1.00
2010.09.17 01:05:06.820,1.8033,1.80395,3.60,1.00
2010.09.17 01:05:07.202,1.8033,1.80395,2.00,1.00
2010.09.17 01:05:07.271,1.8033,1.80395,1.00,1.00
2010.09.17 01:05:09.532,1.8033,1.80405,1.00,1.00
2010.09.17 01:05:10.222,1.8033,1.80405,2.00,1.00
2010.09.17 01:05:10.272,1.8033,1.80405,3.60,1.00
2010.09.17 01:05:12.610,1.8033,1.80395,3.60,1.00
2010.09.17 01:05:12.752,1.8033,1.80395,1.00,1.00
2010.09.17 01:05:19.599,1.8033,1.80395,1.00,1.00
2010.09.17 01:05:28.265,1.80325,1.80395,1.60,1.00
2010.09.17 01:05:30.462,1.8033,1.804,1.00,1.00
2010.09.17 01:05:30.655,1.8033,1.8039,3.20,1.00
2010.09.17 01:05:31.443,1.8033,1.80395,1.60,1.00
2010.09.17 01:05:31.777,1.80325,1.80395,1.60,1.00
2010.09.17 01:05:36.481,1.80325,1.8039,1.60,1.00
2010.09.17 01:05:36.644,1.8033,1.80395,1.00,1.00
2010.09.17 01:05:36.804,1.80325,1.80395,1.60,1.00
2010.09.17 01:05:37.324,1.8032,1.80395,2.80,1.00
2010.09.17 01:05:37.670,1.80325,1.80395,1.60,1.00
2010.09.17 01:05:39.811,1.80325,1.80395,2.00,1.00
2010.09.17 01:05:41.115,1.8034,1.80405,1.00,1.00
2010.09.17 01:05:41.260,1.80335,1.8041,2.20,1.00
2010.09.17 01:05:41.396,1.80335,1.8041,3.80,1.00
2010.09.17 01:05:42.422,1.80335,1.8041,3.60,1.00
2010.09.17 01:05:46.492,1.80335,1.804,3.20,1.00
2010.09.17 01:05:46.582,1.8033,1.804,1.70,1.00
2010.09.17 01:05:46.664,1.8033,1.804,1.00,1.00
2010.09.17 01:05:47.246,1.80325,1.804,2.00,1.00
2010.09.17 01:05:48.664,1.8033,1.804,1.00,1.00
2010.09.17 01:05:51.960,1.80335,1.8041,1.00,1.00
2010.09.17 01:05:56.697,1.8033,1.804,1.00,1.00
2010.09.17 01:05:56.723,1.80325,1.804,2.20,1.00
2010.09.17 01:05:56.964,1.80325,1.804,1.00,1.00
2010.09.17 01:05:57.029,1.80325,1.804,2.20,1.00
2010.09.17 01:05:57.684,1.80325,1.804,1.00,1.00
2010.09.17 01:05:58.762,1.8032,1.80395,1.00,1.00
2010.09.17 01:06:00.162,1.8033,1.80405,1.00,3.80
2010.09.17 01:06:00.432,1.8033,1.80405,1.00,1.00
2010.09.17 01:06:02.080,1.8033,1.80405,1.00,1.00
2010.09.17 01:06:04.856,1.8033,1.804,1.00,1.00
2010.09.17 01:06:04.983,1.80325,1.804,2.20,1.00
2010.09.17 01:06:05.104,1.8033,1.804,1.00,1.00
2010.09.17 01:06:05.343,1.80325,1.804,2.20,1.00
2010.09.17 01:06:06.174,1.8033,1.804,1.00,1.00
2010.09.17 01:06:07.453,1.8033,1.80405,1.00,1.00
2010.09.17 01:06:07.721,1.8033,1.80405,1.00,1.00
2010.09.17 01:06:08.474,1.8034,1.8041,1.00,1.00
2010.09.17 01:06:08.613,1.8033,1.80405,3.80,1.00
2010.09.17 01:06:08.746,1.80345,1.8042,1.00,1.00
2010.09.17 01:06:08.876,1.80345,1.8042,1.00,2.30
2010.09.17 01:06:10.421,1.80345,1.8041,1.00,1.00
2010.09.17 01:06:10.518,1.80335,1.8041,1.00,1.00
2010.09.17 01:06:10.685,1.80335,1.804,1.00,1.00
2010.09.17 01:06:11.391,1.80325,1.804,2.20,1.00
2010.09.17 01:06:12.065,1.80325,1.804,1.00,1.00
2010.09.17 01:06:12.370,1.8033,1.80405,1.00,1.00
2010.09.17 01:06:12.977,1.8033,1.804,1.00,1.00
2010.09.17 01:06:19.402,1.8034,1.804,1.00,1.00
2010.09.17 01:06:19.433,1.8034,1.8041,1.00,1.00
2010.09.17 01:06:19.553,1.8034,1.804,1.00,1.00
2010.09.17 01:06:19.612,1.8033,1.804,3.80,1.00
2010.09.17 01:06:19.642,1.8033,1.804,3.20,1.00
2010.09.17 01:06:20.187,1.80325,1.804,1.00,1.00
2010.09.17 01:06:20.543,1.8033,1.804,1.00,1.00
2010.09.17 01:06:22.511,1.8034,1.8041,1.00,1.00
2010.09.17 01:06:23.933,1.8033,1.80405,1.00,1.00
2010.09.17 01:06:27.494,1.8035,1.8041,1.00,1.00
2010.09.17 01:06:27.762,1.8035,1.80425,1.00,1.00
2010.09.17 01:06:47.468,1.8035,1.8042,1.00,1.00
2010.09.17 01:06:54.982,1.8035,1.80425,1.00,1.00
2010.09.17 01:06:55.632,1.80355,1.80425,1.60,1.00
2010.09.17 01:06:55.784,1.80365,1.8044,1.00,1.20
2010.09.17 01:06:56.065,1.80355,1.80425,4.50,1.00
2010.09.17 01:06:56.204,1.8035,1.80425,1.00,1.00
2010.09.17 01:06:56.345,1.8036,1.80435,1.00,1.00
2010.09.17 01:06:57.714,1.8036,1.8043,1.00,1.00
2010.09.17 01:07:04.191,1.8035,1.80425,3.90,1.00
2010.09.17 01:07:04.342,1.8035,1.80425,2.30,1.00
2010.09.17 01:07:04.421,1.8035,1.80425,1.00,1.00
2010.09.17 01:07:13.392,1.8035,1.8042,1.00,1.00
2010.09.17 01:07:21.661,1.8035,1.80425,1.00,1.00
2010.09.17 01:07:22.405,1.8036,1.8043,1.00,1.00
2010.09.17 01:08:12.962,1.8036,1.80435,1.00,1.00
2010.09.17 01:08:13.207,1.80375,1.8045,1.00,3.60
2010.09.17 01:08:13.967,1.80375,1.8045,1.00,1.00
2010.09.17 01:08:14.702,1.80365,1.8044,2.20,1.00
2010.09.17 01:08:14.962,1.80365,1.8044,1.00,1.00
2010.09.17 01:08:17.938,1.80365,1.8044,1.00,1.00
2010.09.17 01:08:23.682,1.8038,1.8045,1.00,1.60
2010.09.17 01:08:24.384,1.80375,1.8045,1.00,1.00
2010.09.17 01:08:31.085,1.80375,1.8045,1.00,1.00
2010.09.17 01:08:31.280,1.80385,1.8046,1.00,3.90
2010.09.17 01:08:31.423,1.80385,1.8046,1.00,2.30
2010.09.17 01:08:31.462,1.80385,1.8046,1.00,1.00
2010.09.17 01:08:36.882,1.804,1.8046,1.00,1.00
2010.09.17 01:08:37.463,1.804,1.8046,1.00,1.00
2010.09.17 01:08:37.565,1.80375,1.8045,1.00,1.00
2010.09.17 01:08:39.757,1.80375,1.8045,1.00,1.00
2010.09.17 01:08:40.388,1.80375,1.8045,1.00,1.00
2010.09.17 01:08:42.143,1.80375,1.8044,1.00,1.00
2010.09.17 01:08:44.302,1.8038,1.8045,1.00,1.00
2010.09.17 01:08:45.338,1.80395,1.80465,1.00,1.60
2010.09.17 01:08:45.606,1.80395,1.8046,1.00,1.00
2010.09.17 01:08:45.874,1.80385,1.8046,1.00,1.00
2010.09.17 01:08:46.639,1.8038,1.80455,2.20,1.00
2010.09.17 01:08:46.986,1.8036,1.8045,3.80,1.00
2010.09.17 01:08:47.336,1.8035,1.80425,3.90,1.00
2010.09.17 01:08:48.216,1.80355,1.80435,1.00,3.20
2010.09.17 01:08:48.566,1.8035,1.80425,1.00,1.00
2010.09.17 01:08:49.244,1.8035,1.80425,2.00,1.00
2010.09.17 01:08:49.456,1.80355,1.8044,1.00,4.70
2010.09.17 01:08:50.007,1.80355,1.8043,1.00,1.00
2010.09.17 01:08:50.530,1.8035,1.80425,1.00,1.00
2010.09.17 01:08:50.882,1.80355,1.8043,1.00,1.00
2010.09.17 01:08:51.106,1.8035,1.80435,1.00,3.20
2010.09.17 01:08:51.328,1.80355,1.8043,1.00,1.00
2010.09.17 01:08:52.053,1.80355,1.8044,1.00,4.70
2010.09.17 01:08:52.392,1.80355,1.8044,1.00,1.70
2010.09.17 01:08:53.341,1.8035,1.8043,2.90,1.00
2010.09.17 01:08:53.572,1.80345,1.8043,3.60,1.00
2010.09.17 01:08:54.116,1.80345,1.8043,2.00,1.00
2010.09.17 01:08:56.334,1.80355,1.80435,1.00,1.60
2010.09.17 01:08:56.461,1.80355,1.8044,1.00,1.60
2010.09.17 01:08:57.646,1.80345,1.8043,2.00,1.00
2010.09.17 01:09:17.162,1.8037,1.8044,1.00,1.00
2010.09.17 01:09:18.575,1.8037,1.8044,1.00,1.00
2010.09.17 01:09:20.213,1.8037,1.8043,1.00,1.00
2010.09.17 01:09:21.234,1.8037,1.8043,1.00,1.00
2010.09.17 01:09:29.591,1.8037,1.8044,1.00,1.00
2010.09.17 01:09:42.254,1.8037,1.8043,1.00,1.00
2010.09.17 01:09:58.443,1.8037,1.8044,1.00,1.00
2010.09.17 01:09:59.613,1.8037,1.8043,1.00,1.00
2010.09.17 01:10:02.672,1.80355,1.8043,1.00,1.00
2010.09.17 01:10:03.855,1.80355,1.8043,1.00,1.00
2010.09.17 01:10:04.655,1.80355,1.8043,1.00,1.00
2010.09.17 01:10:06.064,1.80355,1.8043,1.00,1.00
2010.09.17 01:10:06.128,1.8037,1.8044,1.00,1.00
2010.09.17 01:10:06.647,1.8037,1.8044,1.00,1.00
2010.09.17 01:10:07.937,1.8037,1.8043,1.00,1.00
2010.09.17 01:10:10.384,1.8037,1.8044,1.00,1.00
2010.09.17 01:10:12.440,1.80365,1.8044,1.00,1.00
2010.09.17 01:10:18.672,1.80365,1.8043,1.00,1.00
2010.09.17 01:10:18.872,1.8036,1.8043,1.00,1.00
2010.09.17 01:10:19.893,1.80365,1.8044,1.00,1.00
2010.09.17 01:10:20.239,1.8036,1.8043,2.20,1.00
2010.09.17 01:10:20.704,1.8036,1.8043,1.00,1.00
2010.09.17 01:10:24.689,1.80355,1.8043,1.00,1.00
2010.09.17 01:10:24.732,1.8036,1.8043,1.00,1.00
2010.09.17 01:10:24.796,1.80355,1.8043,1.00,1.00
2010.09.17 01:10:25.827,1.8036,1.8043,1.00,1.00
2010.09.17 01:10:32.646,1.8035,1.80415,4.60,1.00
2010.09.17 01:10:33.204,1.8035,1.80415,3.20,1.00
2010.09.17 01:10:33.326,1.8034,1.804,1.60,1.00
2010.09.17 01:10:34.528,1.80335,1.804,1.00,1.00
2010.09.17 01:10:35.392,1.8032,1.8039,1.00,1.00
2010.09.17 01:10:38.638,1.80325,1.8039,1.00,1.00
2010.09.17 01:10:38.984,1.80345,1.8041,1.00,1.60
2010.09.17 01:10:39.196,1.80345,1.8041,2.20,1.70
2010.09.17 01:10:39.922,1.80345,1.8042,1.00,1.00
2010.09.17 01:10:41.668,1.80365,1.8043,1.00,1.00
2010.09.17 01:10:41.892,1.80365,1.8044,1.00,1.00
2010.09.17 01:10:42.507,1.80365,1.8042,1.00,1.00
2010.09.17 01:10:42.965,1.80355,1.80415,1.60,1.00
2010.09.17 01:10:43.777,1.8034,1.80415,1.00,1.00
2010.09.17 01:10:43.934,1.8034,1.8041,1.00,1.00
2010.09.17 01:10:44.096,1.8034,1.80415,1.00,1.00
2010.09.17 01:10:45.347,1.8034,1.8041,1.00,1.00
2010.09.17 01:10:49.873,1.80335,1.804,1.00,1.00
2010.09.17 01:10:50.516,1.8033,1.8039,1.00,1.00
2010.09.17 01:10:50.664,1.8033,1.804,1.00,1.00
2010.09.17 01:10:52.483,1.80325,1.8039,2.20,1.00
2010.09.17 01:10:52.731,1.80325,1.8039,1.00,1.00
2010.09.17 01:10:55.253,1.80325,1.804,1.00,1.00
2010.09.17 01:10:55.312,1.80315,1.8039,3.80,1.00
2010.09.17 01:10:55.401,1.80325,1.804,1.00,1.00
2010.09.17 01:10:56.496,1.80325,1.804,1.00,1.00
2010.09.17 01:10:58.669,1.80325,1.8039,1.00,1.00
2010.09.17 01:11:02.374,1.80315,1.8039,1.00,1.00
2010.09.17 01:11:06.705,1.80315,1.8038,1.00,1.00
2010.09.17 01:11:07.381,1.80315,1.8039,1.00,1.00
2010.09.17 01:11:08.482,1.80315,1.8038,1.00,1.00
2010.09.17 01:11:09.943,1.80315,1.8039,1.00,1.00
2010.09.17 01:11:11.772,1.80325,1.8039,1.00,1.00
2010.09.17 01:11:24.064,1.80315,1.8039,1.00,1.00
2010.09.17 01:11:49.917,1.8031,1.8038,3.20,1.00
2010.09.17 01:11:50.458,1.80305,1.8038,1.00,1.00
2010.09.17 01:11:50.782,1.80315,1.8039,1.00,2.30
2010.09.17 01:11:50.925,1.80315,1.8039,1.00,1.00
2010.09.17 01:11:52.263,1.80315,1.8039,1.00,1.00
2010.09.17 01:11:55.131,1.8031,1.8038,3.20,1.00
2010.09.17 01:11:55.181,1.8031,1.8038,1.60,1.00
2010.09.17 01:11:55.710,1.80305,1.8038,1.00,1.00
2010.09.17 01:11:55.829,1.8029,1.80365,1.00,1.00
2010.09.17 01:11:55.944,1.8029,1.80365,1.00,1.00
2010.09.17 01:12:05.607,1.8029,1.8036,1.00,1.00
2010.09.17 01:12:05.906,1.80285,1.8036,1.00,1.00
2010.09.17 01:12:06.303,1.80285,1.8036,1.00,1.00
2010.09.17 01:12:06.441,1.80285,1.8035,1.00,1.00
2010.09.17 01:12:06.581,1.8028,1.8035,2.20,1.00
2010.09.17 01:12:07.242,1.8028,1.8035,1.00,1.00
2010.09.17 01:12:10.881,1.80275,1.8035,1.00,1.00
2010.09.17 01:12:19.729,1.8028,1.80355,1.00,1.00
2010.09.17 01:12:19.827,1.8028,1.8036,1.00,1.00
2010.09.17 01:12:20.871,1.8028,1.8036,2.30,1.00
2010.09.17 01:12:52.905,1.8029,1.8036,1.00,1.00
2010.09.17 01:12:56.245,1.8029,1.80365,1.00,1.00
2010.09.17 01:12:59.874,1.80285,1.8036,3.20,1.00
2010.09.17 01:12:59.993,1.80285,1.8036,3.20,1.00
2010.09.17 01:13:00.115,1.8028,1.8036,2.20,1.00
2010.09.17 01:13:04.729,1.8028,1.8035,1.60,1.00
2010.09.17 01:13:04.803,1.80275,1.8035,1.00,1.00
2010.09.17 01:13:05.846,1.80275,1.8035,1.00,1.00
2010.09.17 01:13:08.842,1.8027,1.80345,1.60,1.00
2010.09.17 01:13:09.189,1.80265,1.80345,3.80,1.00
2010.09.17 01:13:12.066,1.8027,1.80345,1.00,1.00
2010.09.17 01:13:33.675,1.80275,1.8035,1.00,1.00
2010.09.17 01:13:34.364,1.80285,1.80355,1.00,1.30
2010.09.17 01:13:34.596,1.80285,1.8036,1.00,1.00
2010.09.17 01:13:38.426,1.8029,1.8036,1.00,1.00
2010.09.17 01:13:45.058,1.80285,1.8036,1.00,1.00
2010.09.17 01:13:53.195,1.8028,1.8035,1.60,1.00
2010.09.17 01:13:53.855,1.8028,1.8035,1.60,1.00
2010.09.17 01:13:54.098,1.8028,1.8035,1.00,1.00
2010.09.17 01:13:55.643,1.80285,1.8036,1.00,2.30
2010.09.17 01:13:56.283,1.80285,1.8036,1.00,3.90
2010.09.17 01:13:56.458,1.80275,1.8035,1.00,1.00
2010.09.17 01:13:57.222,1.80285,1.8036,1.00,1.00
2010.09.17 01:14:09.514,1.80285,1.8035,1.00,1.00
2010.09.17 01:14:09.674,1.8028,1.8035,1.60,1.00
2010.09.17 01:14:09.818,1.80275,1.80345,1.60,1.00
2010.09.17 01:14:09.854,1.8027,1.80345,3.90,1.00
2010.09.17 01:14:10.390,1.80275,1.8035,1.00,1.00
2010.09.17 01:14:10.739,1.80285,1.8036,1.00,1.00
2010.09.17 01:14:12.805,1.8027,1.80345,3.80,1.00
2010.09.17 01:14:13.114,1.8027,1.80345,1.00,1.00
2010.09.17 01:14:16.264,1.80275,1.8035,1.00,1.00
2010.09.17 01:14:17.081,1.80285,1.8036,1.00,1.00
2010.09.17 01:14:17.563,1.80285,1.8036,1.00,1.00
2010.09.17 01:14:17.904,1.80275,1.8035,1.00,1.00
2010.09.17 01:14:25.183,1.8028,1.8035,1.00,1.00
2010.09.17 01:14:47.573,1.8027,1.8034,1.00,1.00
2010.09.17 01:14:47.895,1.80265,1.8034,1.00,1.00
2010.09.17 01:14:48.987,1.8027,1.8034,1.00,1.00
2010.09.17 01:14:49.704,1.8028,1.80355,1.00,4.90
2010.09.17 01:14:49.854,1.8028,1.80355,1.00,1.00
2010.09.17 01:14:50.002,1.8027,1.8034,3.20,1.00
2010.09.17 01:14:50.152,1.80265,1.8034,1.00,1.00
2010.09.17 01:14:51.624,1.8027,1.8034,1.00,1.00
2010.09.17 01:14:53.053,1.80265,1.8034,1.00,1.00
2010.09.17 01:15:03.951,1.8026,1.80335,2.20,1.00
2010.09.17 01:15:04.093,1.8026,1.80335,1.00,1.00
2010.09.17 01:15:04.843,1.80265,1.8034,1.00,1.00
2010.09.17 01:15:05.083,1.80265,1.8034,1.00,1.00
2010.09.17 01:15:25.348,1.80275,1.8034,1.60,1.00
2010.09.17 01:15:25.422,1.8028,1.80355,1.00,1.00
2010.09.17 01:15:26.681,1.80315,1.8037,1.00,1.70
2010.09.17 01:15:26.845,1.8031,1.8037,1.60,1.30
2010.09.17 01:15:27.006,1.80315,1.8037,1.00,1.30
2010.09.17 01:15:28.573,1.80305,1.8037,1.00,1.30
2010.09.17 01:15:29.525,1.80315,1.8037,1.00,1.30
2010.09.17 01:15:30.103,1.8031,1.8037,3.20,1.30
2010.09.17 01:15:30.344,1.8031,1.8037,1.60,1.30
2010.09.17 01:15:31.049,1.80305,1.8037,2.20,1.30
2010.09.17 01:15:31.235,1.80305,1.8037,1.00,1.30
2010.09.17 01:15:32.873,1.80305,1.8038,1.00,1.00
2010.09.17 01:15:33.187,1.80305,1.8039,1.00,1.00
2010.09.17 01:15:35.176,1.80305,1.8038,1.00,1.00
2010.09.17 01:15:35.423,1.8031,1.8039,1.00,1.00
2010.09.17 01:15:35.483,1.8031,1.8039,1.60,1.00
2010.09.17 01:15:35.542,1.8031,1.8039,3.20,1.00
2010.09.17 01:15:35.574,1.80315,1.8039,1.00,1.00
2010.09.17 01:15:36.516,1.80305,1.8038,1.00,2.00
2010.09.17 01:15:36.865,1.8029,1.8037,1.00,1.00
2010.09.17 01:15:38.661,1.8029,1.8037,1.00,1.00
2010.09.17 01:15:38.894,1.8029,1.8036,1.00,1.00
2010.09.17 01:15:39.092,1.80285,1.80355,3.20,1.00
2010.09.17 01:15:39.194,1.80285,1.80355,1.60,1.00
2010.09.17 01:15:39.971,1.8028,1.80355,1.00,1.00
2010.09.17 01:15:45.363,1.8029,1.80365,1.00,3.60
2010.09.17 01:15:45.471,1.8029,1.80365,1.00,2.20
2010.09.17 01:15:45.735,1.8029,1.80365,1.00,1.00
2010.09.17 01:15:46.556,1.8029,1.80365,1.00,1.00
2010.09.17 01:15:46.745,1.80295,1.8037,1.00,1.00
2010.09.17 01:15:47.109,1.8029,1.80365,3.90,1.00
2010.09.17 01:15:47.790,1.8029,1.80365,2.30,1.00
2010.09.17 01:15:48.129,1.8029,1.80365,1.00,1.00
2010.09.17 01:15:57.412,1.8029,1.8036,1.00,1.00
2010.09.17 01:15:58.043,1.80285,1.8036,1.00,1.00
2010.09.17 01:15:58.347,1.8029,1.8036,1.00,1.00
2010.09.17 01:15:58.495,1.8029,1.80365,1.00,1.00
2010.09.17 01:16:01.686,1.80285,1.8036,1.00,1.00
2010.09.17 01:16:06.804,1.8029,1.80365,1.00,1.00
2010.09.17 01:16:06.887,1.8029,1.80365,1.00,1.00
2010.09.17 01:16:09.256,1.8029,1.8036,1.00,1.00
2010.09.17 01:16:09.403,1.80285,1.8036,2.20,1.00
2010.09.17 01:16:10.038,1.80285,1.8036,1.00,1.00
2010.09.17 01:16:16.446,1.80285,1.8036,1.00,1.00
2010.09.17 01:16:17.216,1.803,1.8037,1.00,1.00
2010.09.17 01:16:17.882,1.803,1.8037,1.00,1.00
2010.09.17 01:16:19.558,1.803,1.8037,1.00,1.00
2010.09.17 01:16:19.641,1.803,1.80375,1.00,1.00
2010.09.17 01:16:20.013,1.803,1.80375,1.00,2.00
2010.09.17 01:16:20.092,1.8029,1.8036,3.30,1.00
2010.09.17 01:16:20.532,1.8029,1.8036,1.00,1.00
2010.09.17 01:16:20.612,1.80285,1.8036,1.00,1.00
2010.09.17 01:16:20.693,1.80285,1.8036,1.00,2.00
2010.09.17 01:16:20.962,1.80275,1.8035,3.80,1.00
2010.09.17 01:16:21.745,1.80275,1.8035,1.00,1.00
2010.09.17 01:16:23.833,1.80275,1.8035,1.00,1.00
2010.09.17 01:16:25.519,1.8027,1.80335,1.00,1.00
2010.09.17 01:16:25.865,1.8026,1.80335,1.00,1.00
2010.09.17 01:16:39.859,1.8026,1.80335,1.00,1.00
2010.09.17 01:17:06.666,1.8026,1.8033,1.00,1.00
2010.09.17 01:17:06.710,1.8026,1.80335,1.00,1.00
2010.09.17 01:17:06.939,1.8026,1.8032,1.00,1.00
2010.09.17 01:17:07.220,1.8025,1.8032,3.20,1.00
2010.09.17 01:17:08.003,1.80255,1.8032,1.00,1.00
2010.09.17 01:17:08.297,1.80255,1.8033,1.00,1.00
2010.09.17 01:17:10.177,1.80255,1.8033,1.00,1.00
2010.09.17 01:17:12.024,1.80255,1.8033,1.00,1.00
2010.09.17 01:17:12.252,1.80255,1.8033,1.00,1.00
2010.09.17 01:17:25.096,1.80255,1.8032,1.00,1.00
2010.09.17 01:17:25.225,1.80245,1.8032,1.00,1.00
2010.09.17 01:17:29.885,1.80245,1.8032,1.00,1.00
2010.09.17 01:17:33.112,1.8024,1.8031,1.00,1.00
2010.09.17 01:17:33.287,1.80245,1.8031,1.00,1.00
2010.09.17 01:17:40.122,1.80245,1.80315,1.00,1.00
2010.09.17 01:18:47.605,1.8024,1.80315,1.00,1.00
2010.09.17 01:18:48.129,1.80245,1.80315,1.00,1.00
2010.09.17 01:18:49.665,1.8024,1.80315,2.20,1.00
2010.09.17 01:18:50.389,1.8024,1.80315,1.00,1.00
2010.09.17 01:18:51.351,1.80245,1.80315,1.00,1.00
2010.09.17 01:19:13.177,1.80255,1.80315,1.00,1.00
2010.09.17 01:19:14.004,1.80255,1.8033,1.00,1.00
2010.09.17 01:19:14.087,1.8026,1.8033,1.00,1.00
2010.09.17 01:19:19.675,1.8026,1.80335,1.00,1.00
2010.09.17 01:20:16.547,1.8027,1.80335,1.00,1.00
2010.09.17 01:20:19.135,1.8027,1.80335,1.00,1.00
2010.09.17 01:20:19.682,1.8027,1.8034,1.00,1.00
2010.09.17 01:20:23.867,1.80275,1.8034,1.00,1.00
2010.09.17 01:20:24.610,1.8028,1.8034,1.00,1.00
2010.09.17 01:20:24.932,1.8028,1.80355,1.00,2.00
2010.09.17 01:20:25.977,1.80285,1.80355,1.00,2.00
2010.09.17 01:20:30.009,1.80285,1.80355,1.00,1.00
2010.09.17 01:20:31.926,1.80285,1.8035,1.00,1.00
2010.09.17 01:20:32.607,1.80275,1.8035,1.00,1.00
2010.09.17 01:20:34.426,1.80285,1.80355,1.00,1.00
2010.09.17 01:20:39.906,1.80285,1.80345,1.00,1.00
2010.09.17 01:20:43.497,1.8028,1.80345,1.00,1.00
2010.09.17 01:20:50.302,1.8028,1.8035,1.00,1.00
2010.09.17 01:20:57.281,1.8029,1.8035,1.00,1.00
2010.09.17 01:20:58.031,1.8029,1.80365,1.00,2.60
2010.09.17 01:20:58.258,1.8029,1.80365,1.00,2.60
2010.09.17 01:20:59.985,1.8029,1.8036,1.00,1.00
2010.09.17 01:21:16.829,1.803,1.8037,1.00,2.00
2010.09.17 01:21:16.899,1.803,1.8037,1.00,2.00
2010.09.17 01:21:17.700,1.803,1.8037,1.00,1.00
2010.09.17 01:21:24.128,1.803,1.8037,1.00,1.00
2010.09.17 01:21:24.619,1.80295,1.80365,1.60,1.00
2010.09.17 01:21:24.861,1.8029,1.80365,1.00,1.00
2010.09.17 01:21:29.761,1.80295,1.8037,1.00,1.00
2010.09.17 01:21:31.307,1.80295,1.8037,1.00,1.70
2010.09.17 01:21:31.952,1.8029,1.8035,1.70,1.00
2010.09.17 01:21:51.808,1.8029,1.8035,1.60,1.00
2010.09.17 01:21:51.927,1.8029,1.80345,1.60,1.00
2010.09.17 01:21:52.046,1.8028,1.80345,3.30,1.00
2010.09.17 01:22:03.493,1.8028,1.80345,3.20,1.00
2010.09.17 01:22:03.616,1.8028,1.8033,3.20,1.00
2010.09.17 01:22:04.156,1.8028,1.8033,1.60,1.00
2010.09.17 01:22:04.363,1.8027,1.8033,1.70,1.00
2010.09.17 01:22:04.969,1.8027,1.8033,1.60,1.00
2010.09.17 01:22:06.049,1.8028,1.8033,1.00,1.00
2010.09.17 01:22:06.910,1.8027,1.8033,1.60,1.00
2010.09.17 01:22:08.187,1.8028,1.8034,1.00,1.00
2010.09.17 01:22:15.718,1.8028,1.8034,1.00,1.00
2010.09.17 01:22:36.837,1.80275,1.8034,3.20,1.00
2010.09.17 01:22:39.724,1.80275,1.8034,3.60,1.00
2010.09.17 01:22:49.824,1.80275,1.8034,3.20,1.00
2010.09.17 01:23:08.919,1.8027,1.8034,1.00,1.00
2010.09.17 01:23:38.880,1.8027,1.8034,1.00,1.00
2010.09.17 01:24:17.929,1.8028,1.8034,1.60,1.00
2010.09.17 01:24:22.166,1.80285,1.80345,3.20,1.00
2010.09.17 01:24:22.688,1.80285,1.80345,1.60,1.00
2010.09.17 01:24:33.391,1.8029,1.80345,1.00,1.00
2010.09.17 01:24:33.516,1.80285,1.80345,1.60,1.00
2010.09.17 01:24:33.836,1.8029,1.80345,1.00,1.00
2010.09.17 01:24:35.028,1.80285,1.80345,1.60,1.00
2010.09.17 01:24:35.374,1.8029,1.80345,1.00,1.00
2010.09.17 01:24:39.448,1.80285,1.80345,1.60,1.00
2010.09.17 01:24:39.966,1.8029,1.80345,1.00,1.00
2010.09.17 01:24:40.076,1.80285,1.80345,1.60,1.00
2010.09.17 01:24:50.895,1.8029,1.80345,1.00,1.00
2010.09.17 01:24:51.011,1.80285,1.80345,1.60,1.00
2010.09.17 01:24:51.344,1.8029,1.80345,1.00,1.00
2010.09.17 01:24:51.744,1.80285,1.80345,1.60,1.00
2010.09.17 01:24:53.479,1.8029,1.80345,1.00,1.00
2010.09.17 01:24:53.578,1.80285,1.80345,1.60,1.00
2010.09.17 01:24:55.381,1.8029,1.80345,1.00,1.00
2010.09.17 01:24:55.496,1.80285,1.80345,1.60,1.00
2010.09.17 01:24:56.386,1.8029,1.80345,1.00,1.00
2010.09.17 01:24:57.039,1.80285,1.80345,1.60,1.00
2010.09.17 01:25:00.128,1.8029,1.80345,1.00,1.00
2010.09.17 01:25:05.847,1.803,1.80345,1.00,1.00
2010.09.17 01:25:05.927,1.80285,1.80355,1.60,1.00
2010.09.17 01:25:06.008,1.8029,1.80355,1.00,1.00
2010.09.17 01:25:06.087,1.8029,1.80355,3.30,1.00
2010.09.17 01:25:06.929,1.803,1.8036,1.00,1.00
2010.09.17 01:25:09.381,1.80305,1.8036,1.60,1.00
2010.09.17 01:25:09.886,1.80295,1.8036,3.20,1.00
2010.09.17 01:25:34.128,1.80295,1.80365,3.20,1.00
2010.09.17 01:25:34.189,1.80305,1.80365,1.60,1.00
2010.09.17 01:25:34.328,1.80305,1.8036,1.60,1.00
2010.09.17 01:25:34.820,1.803,1.8036,1.60,1.00
2010.09.17 01:25:35.169,1.80295,1.8036,3.20,1.00
2010.09.17 01:25:53.432,1.80285,1.80345,1.60,1.00
2010.09.17 01:25:55.631,1.8029,1.80345,1.00,1.00
2010.09.17 01:25:58.113,1.8029,1.80355,3.20,1.00
2010.09.17 01:26:39.762,1.803,1.80355,1.00,1.00
2010.09.17 01:26:40.416,1.803,1.80365,1.00,1.00
2010.09.17 01:26:40.690,1.80315,1.80365,1.60,1.00
2010.09.17 01:26:41.898,1.80315,1.80355,1.60,1.00
2010.09.17 01:26:42.242,1.80305,1.80355,3.20,1.00
2010.09.17 01:26:45.117,1.80305,1.80355,1.60,1.00
2010.09.17 01:26:45.748,1.8029,1.80355,3.20,1.00
2010.09.17 01:26:49.188,1.8029,1.80355,3.20,1.00
2010.09.17 01:26:50.929,1.8029,1.8033,3.20,1.00
2010.09.17 01:26:51.079,1.8029,1.8033,1.60,1.00
2010.09.17 01:26:51.157,1.80285,1.8033,1.00,1.00
2010.09.17 01:26:51.238,1.80265,1.8033,3.60,1.00
2010.09.17 01:26:51.851,1.80265,1.8033,3.20,1.00
2010.09.17 01:26:52.338,1.80265,1.8034,3.80,1.00
2010.09.17 01:26:52.579,1.80265,1.8033,3.20,1.00
2010.09.17 01:26:53.128,1.8026,1.8033,2.20,1.00
2010.09.17 01:26:53.453,1.8025,1.80325,3.80,1.00
2010.09.17 01:27:00.758,1.80265,1.80325,1.60,1.00
2010.09.17 01:27:00.986,1.80265,1.8034,2.20,1.00
2010.09.17 01:27:01.485,1.80265,1.8034,3.80,1.00
2010.09.17 01:27:01.710,1.80265,1.8034,3.80,1.00
2010.09.17 01:27:13.237,1.80265,1.8033,1.60,1.00
2010.09.17 01:27:13.303,1.8026,1.8033,1.60,1.00
2010.09.17 01:27:18.270,1.80265,1.8033,1.60,1.00
2010.09.17 01:27:18.329,1.80265,1.8033,3.20,1.00
2010.09.17 01:27:18.352,1.80265,1.8034,3.80,1.00
2010.09.17 01:27:21.419,1.80265,1.8034,3.80,1.00
2010.09.17 01:27:21.905,1.80265,1.8034,3.80,1.00
2010.09.17 01:27:22.029,1.80265,1.8034,3.80,1.00
2010.09.17 01:27:22.197,1.80265,1.8033,3.20,1.00
2010.09.17 01:27:22.370,1.8026,1.8033,1.60,1.00
2010.09.17 01:27:37.234,1.8026,1.8033,1.60,1.00
2010.09.17 01:27:38.132,1.8025,1.80325,3.90,1.00
2010.09.17 01:27:48.111,1.8025,1.80315,3.20,1.00
2010.09.17 01:27:48.807,1.8025,1.80315,1.00,1.00
2010.09.17 01:27:48.846,1.80245,1.80315,2.20,1.00
2010.09.17 01:27:58.339,1.8025,1.80325,3.90,1.00
2010.09.17 01:28:02.884,1.80255,1.8033,1.00,1.00
2010.09.17 01:28:03.068,1.80255,1.8033,1.00,1.00
2010.09.17 01:28:03.159,1.8026,1.80325,1.60,1.00
2010.09.17 01:28:03.251,1.8025,1.80325,2.20,1.00
2010.09.17 01:28:03.780,1.80255,1.8033,2.20,1.00
2010.09.17 01:28:03.871,1.8025,1.80325,3.80,1.00
2010.09.17 01:28:44.437,1.8025,1.80315,3.20,1.00
2010.09.17 01:28:44.662,1.8025,1.80315,1.60,1.00
2010.09.17 01:28:45.176,1.80245,1.80315,2.20,1.00
2010.09.17 01:28:46.508,1.80255,1.8033,3.80,1.00
2010.09.17 01:28:46.538,1.80255,1.8033,5.20,1.00
2010.09.17 01:28:46.576,1.80265,1.8033,1.00,1.00
2010.09.17 01:28:46.607,1.80265,1.8033,2.20,1.00
2010.09.17 01:28:46.668,1.80265,1.8033,3.80,1.00
2010.09.17 01:28:48.367,1.80265,1.8034,3.80,1.00
2010.09.17 01:28:49.306,1.8027,1.8034,1.60,1.00
2010.09.17 01:28:50.923,1.8027,1.8034,1.60,1.00
2010.09.17 01:28:51.120,1.8027,1.8034,1.60,1.00
2010.09.17 01:28:51.448,1.80255,1.8033,3.80,1.00
2010.09.17 01:28:51.556,1.80265,1.8034,1.00,1.00
2010.09.17 01:28:51.666,1.8027,1.8034,1.60,1.00
2010.09.17 01:28:52.537,1.8027,1.8034,1.60,1.00
2010.09.17 01:28:53.744,1.8027,1.8033,1.60,1.00
2010.09.17 01:28:54.078,1.8027,1.80335,1.60,1.00
2010.09.17 01:28:54.196,1.80265,1.80335,1.60,1.00
2010.09.17 01:28:59.526,1.8026,1.80335,4.00,1.00
2010.09.17 01:29:02.076,1.8026,1.80335,3.80,1.00
2010.09.17 01:29:11.278,1.80265,1.80335,1.60,1.00
2010.09.17 01:29:12.042,1.80265,1.8033,1.60,1.00
2010.09.17 01:29:12.266,1.80255,1.8033,3.80,1.00
2010.09.17 01:29:16.279,1.80255,1.8033,3.80,1.00
2010.09.17 01:29:18.167,1.80255,1.80325,1.60,1.00
2010.09.17 01:29:18.218,1.8025,1.80325,3.80,1.00
2010.09.17 01:29:19.453,1.80235,1.80285,1.00,1.00
2010.09.17 01:29:19.659,1.80225,1.803,1.00,1.00
2010.09.17 01:29:19.869,1.80225,1.803,4.20,1.00
2010.09.17 01:29:20.079,1.80225,1.80285,1.60,1.00
2010.09.17 01:29:20.658,1.80215,1.80285,1.00,1.00
2010.09.17 01:29:21.576,1.8022,1.80285,1.00,1.00
2010.09.17 01:29:26.059,1.80215,1.80285,1.00,1.00
2010.09.17 01:29:26.327,1.80225,1.803,1.00,1.00
2010.09.17 01:29:26.600,1.8023,1.80305,1.00,1.00
2010.09.17 01:29:27.225,1.8023,1.80305,2.20,1.00
2010.09.17 01:29:27.395,1.8023,1.803,2.00,1.00
2010.09.17 01:29:27.549,1.8023,1.803,1.00,1.00
2010.09.17 01:29:28.719,1.8023,1.8032,1.00,4.00
2010.09.17 01:29:28.917,1.8023,1.8032,1.00,2.40
2010.09.17 01:29:29.810,1.8023,1.8032,3.30,1.00
2010.09.17 01:29:31.467,1.8023,1.80315,3.20,1.30
2010.09.17 01:29:31.617,1.8023,1.803,3.20,1.00
2010.09.17 01:29:31.768,1.8023,1.803,1.60,1.00
2010.09.17 01:29:31.917,1.80225,1.803,3.60,1.00
2010.09.17 01:29:33.080,1.80225,1.803,3.60,1.00
2010.09.17 01:29:36.253,1.80225,1.803,3.80,1.00
2010.09.17 01:29:38.463,1.8023,1.803,1.00,1.00
2010.09.17 01:29:38.596,1.8023,1.80305,1.00,1.00
2010.09.17 01:29:38.869,1.8023,1.803,3.80,1.00
2010.09.17 01:29:39.067,1.80225,1.803,3.80,1.00
2010.09.17 01:29:46.081,1.8023,1.80305,1.00,1.00
2010.09.17 01:29:46.139,1.8023,1.80305,2.30,1.00
2010.09.17 01:29:46.187,1.8023,1.80305,3.90,1.00
2010.09.17 01:29:47.410,1.8023,1.803,3.20,1.00
2010.09.17 01:29:48.093,1.8023,1.803,1.00,1.00
2010.09.17 01:29:49.628,1.8023,1.803,3.20,1.00
2010.09.17 01:29:49.828,1.8023,1.80305,3.90,1.00
2010.09.17 01:29:56.397,1.80235,1.80305,1.60,1.00
2010.09.17 01:29:58.519,1.8023,1.80305,3.90,1.00
2010.09.17 01:30:00.362,1.8023,1.803,3.80,1.00
2010.09.17 01:30:01.647,1.8023,1.80305,3.90,1.00
2010.09.17 01:30:12.788,1.8023,1.80305,4.00,1.00
2010.09.17 01:30:15.288,1.8024,1.80305,1.00,1.00
2010.09.17 01:30:15.923,1.8023,1.80305,3.90,1.00
2010.09.17 01:30:20.936,1.8023,1.80305,3.80,1.00
2010.09.17 01:30:21.176,1.8023,1.80305,4.00,1.00
2010.09.17 01:30:23.588,1.8024,1.80305,1.00,1.00
2010.09.17 01:30:24.434,1.80245,1.80315,2.20,1.00
2010.09.17 01:30:44.221,1.8025,1.80325,2.30,1.00
2010.09.17 01:30:44.307,1.8025,1.80325,3.90,1.00
2010.09.17 01:30:49.407,1.8025,1.8032,3.80,1.00
2010.09.17 01:30:49.606,1.8025,1.80325,3.90,1.00
2010.09.17 01:30:49.950,1.8025,1.8032,3.80,1.00
2010.09.17 01:30:50.061,1.8025,1.80325,3.90,1.00
2010.09.17 01:30:52.430,1.8025,1.8032,3.80,1.00
2010.09.17 01:30:52.510,1.8025,1.80325,3.90,1.00
2010.09.17 01:30:55.420,1.8025,1.8032,3.80,1.00
2010.09.17 01:30:56.167,1.8025,1.80325,3.90,1.00
2010.09.17 01:30:56.378,1.8025,1.8032,3.80,1.00
2010.09.17 01:30:56.557,1.8025,1.80325,3.90,1.00
2010.09.17 01:30:57.693,1.8025,1.8032,3.80,1.00
2010.09.17 01:30:57.812,1.8025,1.80325,3.90,1.00
2010.09.17 01:30:58.526,1.8025,1.8032,3.80,1.00
2010.09.17 01:31:00.807,1.8025,1.80325,3.90,1.00
2010.09.17 01:31:03.454,1.8025,1.8032,3.80,1.00
2010.09.17 01:31:06.910,1.8025,1.8032,3.80,1.00
2010.09.17 01:31:08.196,1.8025,1.80325,3.80,1.00
2010.09.17 01:31:12.019,1.8025,1.8032,3.80,1.00
2010.09.17 01:31:12.557,1.8025,1.8032,1.00,1.00
2010.09.17 01:31:12.701,1.80245,1.80315,2.20,1.00
2010.09.17 01:31:34.082,1.80245,1.8031,2.20,1.00
2010.09.17 01:31:34.160,1.80245,1.80305,1.60,1.00
2010.09.17 01:31:34.239,1.8023,1.80305,6.80,1.00
2010.09.17 01:31:34.321,1.80235,1.8031,1.00,1.00
2010.09.17 01:31:35.171,1.80235,1.8031,2.20,1.00
2010.09.17 01:31:35.507,1.80235,1.8031,3.80,1.00
2010.09.17 01:31:37.347,1.80235,1.80305,3.20,1.00
2010.09.17 01:31:37.457,1.80235,1.80305,1.60,1.00
2010.09.17 01:31:38.084,1.8023,1.80305,3.90,1.00
2010.09.17 01:32:11.840,1.8023,1.803,3.80,1.00
2010.09.17 01:32:12.478,1.8023,1.80305,3.80,1.00
2010.09.17 01:32:24.458,1.8023,1.8029,3.20,1.00
2010.09.17 01:32:24.988,1.8023,1.8029,1.60,1.00
2010.09.17 01:32:25.158,1.80215,1.8029,3.80,1.00
2010.09.17 01:32:49.027,1.80225,1.8029,1.60,1.00
2010.09.17 01:32:49.171,1.8023,1.803,3.80,1.00
2010.09.17 01:32:49.306,1.8023,1.80305,3.90,1.00
2010.09.17 01:32:51.633,1.8023,1.8029,3.20,1.00
2010.09.17 01:32:51.985,1.8022,1.8029,2.00,1.00
2010.09.17 01:32:52.287,1.8022,1.8029,1.60,1.00
2010.09.17 01:32:52.858,1.8022,1.8029,1.60,1.00
2010.09.17 01:32:53.443,1.8022,1.80285,1.60,1.00
2010.09.17 01:32:53.664,1.802,1.80285,3.30,1.00
2010.09.17 01:32:59.030,1.802,1.80285,4.10,1.00
2010.09.17 01:32:59.647,1.8021,1.80295,1.00,4.50
2010.09.17 01:32:59.850,1.8021,1.80295,1.00,1.00
2010.09.17 01:33:00.228,1.80225,1.803,1.00,2.20
2010.09.17 01:33:00.882,1.80225,1.803,1.00,1.00
2010.09.17 01:33:01.234,1.8023,1.803,1.60,1.00
2010.09.17 01:33:01.584,1.80225,1.803,3.80,1.00
2010.09.17 01:33:02.407,1.8021,1.80295,1.60,1.00
2010.09.17 01:33:02.694,1.8021,1.80295,1.00,1.00
2010.09.17 01:33:07.719,1.8021,1.80295,1.70,1.00
2010.09.17 01:33:07.810,1.8021,1.80295,3.30,1.00
2010.09.17 01:33:07.898,1.8021,1.803,3.30,1.00
2010.09.17 01:33:08.147,1.8023,1.80305,1.00,3.80
2010.09.17 01:33:08.629,1.80245,1.80305,1.60,2.20
2010.09.17 01:33:08.955,1.8025,1.8031,3.20,1.00
2010.09.17 01:33:09.890,1.8026,1.8033,1.60,1.00
2010.09.17 01:33:10.138,1.8026,1.80325,1.60,1.00
2010.09.17 01:33:10.873,1.8025,1.8031,1.00,1.00
2010.09.17 01:33:11.120,1.8023,1.8031,1.60,1.00
2010.09.17 01:33:11.371,1.80225,1.8031,4.90,1.00
2010.09.17 01:33:11.618,1.80235,1.8031,3.80,1.00
2010.09.17 01:33:11.868,1.8024,1.8033,2.20,1.70
2010.09.17 01:33:12.088,1.8024,1.8033,3.80,1.00
2010.09.17 01:33:12.308,1.80245,1.8033,3.20,1.00
2010.09.17 01:33:16.531,1.8025,1.8033,1.00,1.00
2010.09.17 01:33:17.036,1.80255,1.8033,1.60,1.00
2010.09.17 01:33:17.164,1.8026,1.80335,1.60,1.00
2010.09.17 01:33:17.728,1.8026,1.80325,3.20,1.00
2010.09.17 01:33:17.848,1.8026,1.80285,3.20,1.00
2010.09.17 01:33:17.968,1.8025,1.80305,1.00,1.30
2010.09.17 01:33:18.581,1.8026,1.8032,1.00,1.00
2010.09.17 01:33:18.850,1.8024,1.8031,1.60,1.00
2010.09.17 01:33:22.064,1.8023,1.8031,1.00,1.00
2010.09.17 01:33:23.935,1.8022,1.8031,3.30,1.00
2010.09.17 01:33:33.585,1.8022,1.8031,3.20,1.00
2010.09.17 01:33:34.195,1.8022,1.80285,1.60,1.00
2010.09.17 01:33:34.419,1.80215,1.80285,3.20,1.00
2010.09.17 01:33:34.648,1.80215,1.80285,1.60,1.00
2010.09.17 01:33:47.389,1.8022,1.80285,1.00,1.00
2010.09.17 01:33:47.567,1.80215,1.80285,1.60,1.00
2010.09.17 01:34:01.183,1.8022,1.80285,1.00,1.00
2010.09.17 01:34:01.408,1.80215,1.80285,1.60,1.00
2010.09.17 01:34:11.757,1.80215,1.8028,1.60,1.00
2010.09.17 01:34:11.930,1.80205,1.8028,3.80,1.00
2010.09.17 01:34:29.962,1.80215,1.8028,1.60,1.00
2010.09.17 01:34:30.116,1.80215,1.80285,1.60,1.00
2010.09.17 01:34:30.399,1.8022,1.80285,1.00,1.00
2010.09.17 01:34:30.540,1.80215,1.80285,1.60,1.00
2010.09.17 01:34:32.426,1.8022,1.80285,1.00,1.00
2010.09.17 01:34:51.456,1.80215,1.80285,1.60,1.00
2010.09.17 01:35:13.911,1.8022,1.80285,1.00,1.00
2010.09.17 01:35:14.493,1.80215,1.80285,1.60,1.00
2010.09.17 01:35:30.218,1.8021,1.80285,1.00,1.00
2010.09.17 01:35:30.297,1.8021,1.80285,1.40,1.00
2010.09.17 01:35:30.640,1.80225,1.803,3.80,1.00
2010.09.17 01:35:31.211,1.80225,1.80285,3.20,1.00
2010.09.17 01:35:31.557,1.8022,1.80285,1.00,1.00
2010.09.17 01:35:31.782,1.80215,1.80285,1.60,1.00
2010.09.17 01:35:32.002,1.8021,1.80275,1.60,1.00
2010.09.17 01:35:32.222,1.802,1.80275,3.90,1.00
2010.09.17 01:35:33.180,1.80215,1.80275,1.60,1.00
2010.09.17 01:35:33.450,1.8021,1.80275,1.60,1.00
2010.09.17 01:35:33.719,1.802,1.80275,3.90,1.00
2010.09.17 01:35:33.990,1.80205,1.8028,1.00,1.00
2010.09.17 01:35:34.715,1.8021,1.8028,1.60,1.00
2010.09.17 01:35:34.952,1.8021,1.8028,1.60,1.00
2010.09.17 01:35:35.298,1.8021,1.8028,1.60,1.00
2010.09.17 01:35:40.810,1.80185,1.80265,2.00,1.00
2010.09.17 01:35:41.039,1.80175,1.8026,1.00,1.40
2010.09.17 01:35:41.569,1.80175,1.8026,1.00,1.00
2010.09.17 01:35:41.731,1.8017,1.80245,3.80,1.00
2010.09.17 01:35:42.637,1.80175,1.8026,2.20,1.50
2010.09.17 01:35:42.996,1.8018,1.80245,1.00,1.00
2010.09.17 01:35:43.677,1.8017,1.80245,4.00,1.00
2010.09.17 01:35:44.450,1.8018,1.80245,1.00,1.00
2010.09.17 01:35:44.765,1.80175,1.80245,1.60,1.00
2010.09.17 01:35:44.933,1.8018,1.80245,1.00,1.00
2010.09.17 01:35:45.101,1.8017,1.80245,3.80,1.00
2010.09.17 01:35:46.070,1.80175,1.8026,1.00,1.00
2010.09.17 01:35:46.392,1.80175,1.8026,2.20,1.00
2010.09.17 01:35:46.709,1.80175,1.8026,3.80,1.50
2010.09.17 01:35:47.018,1.8017,1.80245,3.80,1.00
2010.09.17 01:35:47.658,1.8017,1.80245,5.30,1.00
2010.09.17 01:35:47.922,1.8017,1.8024,1.30,1.00
2010.09.17 01:35:48.188,1.8016,1.8024,1.60,1.00
2010.09.17 01:35:48.350,1.8016,1.80235,1.60,1.00
2010.09.17 01:35:48.511,1.80145,1.80235,4.90,1.00
2010.09.17 01:35:49.023,1.80145,1.80235,3.60,2.00
2010.09.17 01:35:49.182,1.80135,1.80215,1.60,1.00
2010.09.17 01:35:51.107,1.80135,1.8021,1.60,1.00
2010.09.17 01:35:51.240,1.80145,1.8021,3.80,1.00
2010.09.17 01:35:51.368,1.80145,1.80215,1.60,1.00
2010.09.17 01:35:51.497,1.80145,1.8022,3.80,1.00
2010.09.17 01:35:52.177,1.80145,1.8022,3.80,1.00
2010.09.17 01:35:52.802,1.80145,1.8022,3.80,1.00
2010.09.17 01:35:53.396,1.80145,1.8022,3.80,1.00
2010.09.17 01:35:54.104,1.80145,1.8022,3.80,1.00
2010.09.17 01:35:56.570,1.8015,1.8022,1.00,1.00
2010.09.17 01:35:58.447,1.8015,1.8022,1.00,1.00
2010.09.17 01:35:58.616,1.8015,1.8022,1.00,1.00
2010.09.17 01:36:00.696,1.80145,1.8022,3.80,1.00
2010.09.17 01:36:02.239,1.8015,1.8022,1.00,1.00
2010.09.17 01:36:05.296,1.80145,1.8022,3.80,1.00
2010.09.17 01:36:11.348,1.8015,1.8022,1.00,1.00
2010.09.17 01:36:12.406,1.80145,1.8022,3.80,1.00
2010.09.17 01:36:12.917,1.8015,1.8022,1.00,1.00
2010.09.17 01:36:13.117,1.80145,1.8022,3.80,1.00
2010.09.17 01:36:13.711,1.8015,1.8022,1.00,1.00
2010.09.17 01:36:13.998,1.80145,1.8022,3.80,1.00
2010.09.17 01:36:14.475,1.8015,1.8022,1.00,1.00
2010.09.17 01:36:16.021,1.80145,1.8022,3.80,1.00
2010.09.17 01:36:16.678,1.8015,1.8022,1.00,1.00
2010.09.17 01:36:16.806,1.80145,1.8022,3.80,1.00
2010.09.17 01:36:21.386,1.80145,1.8022,3.20,1.00
2010.09.17 01:36:21.538,1.8014,1.8022,1.00,1.00
2010.09.17 01:36:22.190,1.80135,1.8022,1.60,1.00
2010.09.17 01:36:24.858,1.8014,1.8022,1.00,1.00
2010.09.17 01:36:26.209,1.8014,1.80225,1.00,1.30
2010.09.17 01:36:26.341,1.80145,1.8023,3.20,1.00
2010.09.17 01:36:27.898,1.8015,1.80235,1.00,1.00
2010.09.17 01:36:28.231,1.80155,1.8023,1.60,1.00
2010.09.17 01:36:28.557,1.80155,1.80235,1.60,1.00
2010.09.17 01:36:29.773,1.8014,1.80215,4.00,1.00
2010.09.17 01:36:30.009,1.8015,1.80215,1.00,1.00
2010.09.17 01:36:30.249,1.80155,1.80235,1.60,1.00
2010.09.17 01:36:39.327,1.80155,1.80235,2.90,1.00
2010.09.17 01:36:39.434,1.80165,1.80235,1.00,1.00
2010.09.17 01:36:39.466,1.80165,1.80245,1.00,1.00
2010.09.17 01:36:39.508,1.80165,1.80245,2.20,1.00
2010.09.17 01:36:39.546,1.80165,1.80245,3.80,1.00
2010.09.17 01:36:41.630,1.80165,1.8024,3.80,1.00
2010.09.17 01:36:42.137,1.80165,1.80235,3.20,1.00
2010.09.17 01:36:42.742,1.80165,1.80235,1.60,1.00
2010.09.17 01:36:42.889,1.8016,1.80235,3.80,1.00
2010.09.17 01:36:47.468,1.8015,1.80235,1.00,1.00
2010.09.17 01:36:47.789,1.80145,1.8023,3.20,1.00
2010.09.17 01:36:49.032,1.80145,1.8023,3.20,1.00
2010.09.17 01:36:49.959,1.80145,1.8023,3.20,1.00
2010.09.17 01:36:57.657,1.80145,1.8023,1.60,1.60
2010.09.17 01:36:58.137,1.80145,1.8023,1.60,2.90
2010.09.17 01:36:58.189,1.80135,1.8021,3.80,1.00
2010.09.17 01:36:58.602,1.8014,1.8021,1.00,1.00
2010.09.17 01:36:59.045,1.8014,1.8021,1.00,1.00
2010.09.17 01:36:59.377,1.80145,1.8023,3.20,1.00
2010.09.17 01:37:00.928,1.80145,1.8023,3.20,1.00
2010.09.17 01:37:05.529,1.80145,1.8023,3.20,1.00
2010.09.17 01:37:05.816,1.80145,1.8023,3.20,1.70
2010.09.17 01:37:05.968,1.80145,1.8021,3.20,1.00
2010.09.17 01:37:06.117,1.80145,1.8023,3.20,1.00
2010.09.17 01:37:15.099,1.80145,1.8023,4.50,1.00
2010.09.17 01:37:15.311,1.80155,1.8023,3.60,1.00
2010.09.17 01:37:15.520,1.80155,1.8024,3.60,1.00
2010.09.17 01:37:16.017,1.8016,1.8024,1.60,1.00
2010.09.17 01:37:16.361,1.8017,1.8025,1.60,1.00
2010.09.17 01:37:17.929,1.8017,1.8024,1.60,1.00
2010.09.17 01:37:18.271,1.8017,1.8024,1.60,1.00
2010.09.17 01:37:18.450,1.8016,1.8024,3.20,1.00
2010.09.17 01:37:20.037,1.8016,1.8024,3.80,1.00
2010.09.17 01:37:20.267,1.8016,1.8024,3.20,1.00
2010.09.17 01:37:22.177,1.8016,1.8025,3.90,1.00
2010.09.17 01:37:22.670,1.8016,1.8025,5.20,1.00
2010.09.17 01:37:22.831,1.8017,1.8025,1.60,1.00
2010.09.17 01:37:24.467,1.8017,1.80245,1.60,1.00
2010.09.17 01:37:24.548,1.8016,1.8024,4.50,1.00
2010.09.17 01:37:24.626,1.8016,1.8024,3.20,1.00
2010.09.17 01:37:25.206,1.8016,1.80245,3.20,1.00
2010.09.17 01:37:27.492,1.8016,1.8025,4.00,1.00
2010.09.17 01:37:27.609,1.8017,1.8025,1.30,1.00
2010.09.17 01:37:28.207,1.80175,1.8025,3.20,1.00
2010.09.17 01:37:28.483,1.8017,1.8025,1.60,1.00
2010.09.17 01:37:41.877,1.8017,1.8025,2.90,1.00
2010.09.17 01:37:42.077,1.8017,1.8025,3.60,1.00
2010.09.17 01:37:45.630,1.8019,1.8026,1.00,1.00
2010.09.17 01:37:45.808,1.80185,1.8026,1.00,1.00
2010.09.17 01:37:46.710,1.8019,1.8026,1.00,1.00
2010.09.17 01:37:57.717,1.8019,1.8026,1.00,1.60
2010.09.17 01:37:57.769,1.80175,1.8025,1.00,1.00
2010.09.17 01:37:58.889,1.80175,1.8025,1.00,1.00
2010.09.17 01:38:01.138,1.80185,1.8025,1.00,1.00
2010.09.17 01:38:02.639,1.8019,1.8026,1.00,1.00
2010.09.17 01:38:04.288,1.8019,1.80265,1.00,1.00
2010.09.17 01:38:04.940,1.8019,1.8026,1.00,1.00
2010.09.17 01:38:05.190,1.8019,1.80265,1.00,1.00
2010.09.17 01:38:06.972,1.8018,1.80255,1.00,1.00
2010.09.17 01:38:07.748,1.8018,1.8025,1.00,1.00
2010.09.17 01:38:08.499,1.8018,1.80255,1.00,1.00
2010.09.17 01:38:08.642,1.8018,1.8025,1.00,1.00
2010.09.17 01:38:08.788,1.8017,1.80245,1.00,1.00
2010.09.17 01:38:09.691,1.8017,1.80245,1.00,1.00
2010.09.17 01:38:13.962,1.8017,1.8024,1.00,1.00
2010.09.17 01:38:14.812,1.8017,1.80245,1.00,1.00
2010.09.17 01:38:14.918,1.8017,1.8024,1.00,1.00
2010.09.17 01:38:15.609,1.8017,1.80245,1.00,1.00
2010.09.17 01:38:15.717,1.8017,1.8024,1.00,1.00
2010.09.17 01:38:16.349,1.8016,1.80235,1.00,1.00
2010.09.17 01:38:17.396,1.8016,1.8023,1.00,1.00
2010.09.17 01:38:17.810,1.80165,1.8024,2.20,1.00
2010.09.17 01:38:18.412,1.80165,1.8023,1.00,1.00
2010.09.17 01:38:18.691,1.80165,1.8023,1.00,1.00
2010.09.17 01:38:18.959,1.80165,1.8024,1.00,1.00
2010.09.17 01:38:21.067,1.80165,1.8024,2.00,1.00
2010.09.17 01:38:21.290,1.8017,1.8024,1.60,1.00
2010.09.17 01:38:21.507,1.8017,1.8025,2.20,1.00
2010.09.17 01:38:22.128,1.8018,1.8025,1.60,1.00
2010.09.17 01:38:22.330,1.802,1.8026,1.00,1.00
2010.09.17 01:38:22.522,1.80185,1.8026,2.00,1.00
2010.09.17 01:38:23.187,1.80185,1.8026,1.00,1.00
2010.09.17 01:38:23.867,1.80185,1.8025,1.00,1.00
2010.09.17 01:38:24.618,1.80185,1.8025,1.00,1.00
2010.09.17 01:38:25.250,1.8018,1.8025,1.00,1.00
2010.09.17 01:38:29.924,1.8018,1.8024,1.00,1.00
2010.09.17 01:38:30.147,1.8018,1.8025,1.00,1.00
2010.09.17 01:38:33.458,1.8018,1.8024,1.00,1.00
2010.09.17 01:38:33.758,1.8018,1.8025,1.00,1.00
2010.09.17 01:38:35.239,1.80185,1.8025,1.00,1.00
2010.09.17 01:38:40.118,1.80195,1.8026,1.00,1.00
2010.09.17 01:38:40.891,1.80175,1.8025,3.20,1.00
2010.09.17 01:38:41.083,1.8019,1.8026,1.00,1.70
2010.09.17 01:38:41.268,1.8019,1.8026,1.00,1.00
2010.09.17 01:38:42.630,1.8019,1.8026,1.00,1.00
2010.09.17 01:38:43.129,1.8018,1.80255,1.00,1.00
2010.09.17 01:38:44.383,1.8018,1.8025,1.00,1.00
2010.09.17 01:38:44.698,1.80185,1.8026,1.00,2.40
2010.09.17 01:38:45.212,1.80185,1.8026,1.00,1.00
2010.09.17 01:38:48.050,1.80185,1.8025,1.00,1.00
2010.09.17 01:38:48.161,1.80175,1.8025,1.00,1.00
2010.09.17 01:38:48.498,1.80175,1.8024,1.00,1.00
2010.09.17 01:38:52.921,1.80165,1.8024,2.20,1.00
2010.09.17 01:38:53.213,1.80165,1.8024,1.00,1.00
2010.09.17 01:38:59.747,1.8017,1.8024,1.60,1.00
2010.09.17 01:39:01.348,1.8017,1.8023,1.60,1.00
2010.09.17 01:39:01.530,1.8015,1.80215,1.00,1.00
2010.09.17 01:39:01.788,1.80175,1.8024,1.00,3.20
2010.09.17 01:39:02.048,1.80175,1.8025,1.00,1.00
2010.09.17 01:39:02.706,1.8017,1.8024,1.60,1.00
2010.09.17 01:39:02.891,1.80165,1.8024,1.00,1.00
2010.09.17 01:39:03.727,1.80165,1.8024,1.00,1.00
2010.09.17 01:39:04.914,1.80175,1.8024,1.00,1.00
2010.09.17 01:39:06.823,1.80165,1.8024,2.20,1.00
2010.09.17 01:39:07.058,1.80165,1.8024,1.00,1.00
2010.09.17 01:39:07.298,1.80165,1.8024,1.00,1.00
2010.09.17 01:39:07.537,1.8017,1.8025,1.00,3.30
2010.09.17 01:39:07.779,1.8017,1.8025,1.00,1.70
2010.09.17 01:39:08.523,1.8017,1.8025,1.00,1.00
2010.09.17 01:39:08.955,1.8019,1.80255,1.00,1.60
2010.09.17 01:39:09.542,1.8019,1.8026,1.00,1.00
2010.09.17 01:39:10.939,1.8018,1.80255,3.80,1.00
2010.09.17 01:39:11.570,1.8018,1.80255,3.80,2.00
2010.09.17 01:39:11.928,1.8017,1.8024,1.60,1.00
2010.09.17 01:39:12.194,1.80165,1.8024,1.00,1.00
2010.09.17 01:39:12.880,1.80165,1.8024,1.00,1.00
2010.09.17 01:39:13.773,1.80175,1.8025,1.00,1.00
2010.09.17 01:39:14.109,1.8018,1.8025,1.60,1.00
2010.09.17 01:39:14.279,1.80175,1.8025,1.00,1.00
2010.09.17 01:39:16.351,1.80165,1.8024,1.00,1.00
2010.09.17 01:39:17.394,1.80165,1.8024,1.00,1.00
2010.09.17 01:39:18.563,1.80165,1.8023,1.00,1.00
2010.09.17 01:39:19.121,1.80165,1.8023,1.00,1.00
2010.09.17 01:39:19.232,1.80155,1.80225,3.20,1.00
2010.09.17 01:39:19.340,1.80155,1.80225,1.60,1.00
2010.09.17 01:39:19.387,1.8015,1.80225,1.00,1.00
2010.09.17 01:39:21.389,1.8015,1.8022,1.00,1.00
2010.09.17 01:39:26.359,1.8015,1.80225,1.00,1.00
2010.09.17 01:39:29.601,1.8014,1.8021,1.00,3.20
2010.09.17 01:39:30.129,1.8014,1.8021,1.00,3.30
2010.09.17 01:39:30.655,1.80125,1.8019,1.70,1.00
2010.09.17 01:39:30.942,1.8012,1.8021,1.00,4.00
2010.09.17 01:39:31.612,1.8012,1.8021,1.00,3.90
2010.09.17 01:39:33.060,1.80125,1.802,1.00,1.00
2010.09.17 01:39:33.188,1.80125,1.802,2.20,1.00
2010.09.17 01:39:33.317,1.80125,1.802,1.00,1.00
2010.09.17 01:39:33.823,1.80125,1.8021,1.00,1.00
2010.09.17 01:39:37.019,1.80125,1.802,1.00,1.00
2010.09.17 01:39:37.364,1.8012,1.802,1.00,1.00
2010.09.17 01:39:38.136,1.80125,1.80205,1.00,1.60
2010.09.17 01:39:38.383,1.8014,1.8022,1.00,1.00
2010.09.17 01:39:40.605,1.8014,1.8022,2.00,1.00
2010.09.17 01:39:41.261,1.8014,1.8023,3.70,2.40
2010.09.17 01:39:41.429,1.80145,1.8023,2.20,1.00
2010.09.17 01:39:44.766,1.80145,1.8023,1.00,1.00
2010.09.17 01:39:46.392,1.8014,1.80215,5.20,1.00
2010.09.17 01:39:46.467,1.8014,1.80215,3.80,1.00
2010.09.17 01:39:46.607,1.8014,1.80215,1.00,1.00
2010.09.17 01:39:48.664,1.8014,1.80215,1.00,1.00
2010.09.17 01:39:57.256,1.8014,1.8021,1.00,1.00
2010.09.17 01:39:57.718,1.8014,1.80215,1.00,1.00
2010.09.17 01:39:58.274,1.8015,1.8022,1.00,1.00
2010.09.17 01:39:58.540,1.80155,1.8023,1.00,1.00
2010.09.17 01:40:03.150,1.80155,1.8023,1.00,1.00
2010.09.17 01:40:03.340,1.8016,1.8024,1.00,1.00
2010.09.17 01:40:04.517,1.80155,1.8024,3.80,1.00
2010.09.17 01:40:04.638,1.80155,1.8024,1.00,1.70
2010.09.17 01:40:06.458,1.8016,1.8024,1.00,1.00
2010.09.17 01:40:07.516,1.80155,1.8024,1.00,1.70
2010.09.17 01:40:11.193,1.8018,1.8025,1.00,3.20
2010.09.17 01:40:11.306,1.80175,1.8025,1.30,3.30
2010.09.17 01:40:11.921,1.8018,1.8025,1.00,1.00
2010.09.17 01:40:12.048,1.8018,1.8026,1.00,1.00
2010.09.17 01:40:13.770,1.80175,1.8026,1.00,1.00
2010.09.17 01:40:15.140,1.80165,1.8025,2.00,1.00
2010.09.17 01:40:18.175,1.8017,1.80255,1.00,1.60
2010.09.17 01:40:18.247,1.80175,1.80255,1.00,1.60
2010.09.17 01:40:18.857,1.80175,1.8026,1.00,1.00
2010.09.17 01:40:21.959,1.8018,1.8026,1.00,1.00
2010.09.17 01:40:22.150,1.8018,1.8026,1.60,1.00
2010.09.17 01:40:23.213,1.80175,1.8026,1.00,1.00
2010.09.17 01:40:27.308,1.80175,1.8025,1.00,1.00
2010.09.17 01:40:28.669,1.80175,1.8025,1.00,1.00
2010.09.17 01:40:29.723,1.80175,1.8026,1.00,1.00
2010.09.17 01:40:29.876,1.80175,1.8025,1.00,1.00
2010.09.17 01:40:30.037,1.80175,1.8026,1.00,1.00
2010.09.17 01:40:30.405,1.80175,1.8025,1.00,1.00
2010.09.17 01:40:32.722,1.80175,1.8026,1.00,1.00
2010.09.17 01:40:33.256,1.80175,1.8025,1.00,1.00
2010.09.17 01:40:33.442,1.80175,1.8026,1.00,1.00
2010.09.17 01:40:35.919,1.80175,1.8025,1.00,1.00
2010.09.17 01:40:36.037,1.80175,1.8026,1.00,1.00
2010.09.17 01:40:37.906,1.80175,1.8025,1.00,1.00
2010.09.17 01:40:38.087,1.80175,1.8026,1.00,1.00
2010.09.17 01:40:38.362,1.80175,1.8025,1.00,1.00
2010.09.17 01:40:38.548,1.80175,1.8026,1.00,1.00
2010.09.17 01:40:40.084,1.8018,1.80265,1.00,3.20
2010.09.17 01:40:40.358,1.8018,1.8027,2.30,2.30
2010.09.17 01:40:40.442,1.8018,1.8026,2.20,1.00
2010.09.17 01:40:40.528,1.8018,1.8027,2.30,2.30
2010.09.17 01:40:41.443,1.8018,1.8026,2.20,1.00
2010.09.17 01:40:42.091,1.8018,1.8027,2.30,2.30
2010.09.17 01:40:43.262,1.8018,1.8026,1.60,1.00
2010.09.17 01:40:43.598,1.80175,1.8026,1.00,1.00
2010.09.17 01:40:44.433,1.80175,1.8026,1.00,1.00
2010.09.17 01:40:46.267,1.80175,1.8025,1.00,1.00
2010.09.17 01:40:46.366,1.80175,1.8026,1.00,1.00
2010.09.17 01:40:50.858,1.80175,1.8025,1.00,1.00
2010.09.17 01:40:51.599,1.80175,1.8026,1.00,1.00
2010.09.17 01:41:04.978,1.8017,1.8025,3.20,1.00
2010.09.17 01:41:05.237,1.8017,1.8026,3.20,1.00
2010.09.17 01:41:05.288,1.8017,1.8026,1.00,3.90
2010.09.17 01:41:05.427,1.80175,1.8026,1.00,3.20
2010.09.17 01:41:05.999,1.80175,1.8026,1.00,1.60
2010.09.17 01:41:06.344,1.80175,1.8026,1.00,1.00
2010.09.17 01:41:16.057,1.8018,1.80265,1.00,3.80
2010.09.17 01:41:16.309,1.80205,1.8028,1.00,1.00
2010.09.17 01:41:16.649,1.8022,1.8029,1.00,1.00
2010.09.17 01:41:17.809,1.8022,1.8029,1.00,1.00
2010.09.17 01:41:19.232,1.8022,1.8029,1.00,1.00
2010.09.17 01:41:19.795,1.8022,1.8029,1.00,1.00
2010.09.17 01:41:19.949,1.80205,1.8029,1.30,2.30
2010.09.17 01:41:20.097,1.802,1.8029,2.30,2.30
2010.09.17 01:41:20.247,1.80205,1.8029,1.30,2.30
2010.09.17 01:41:20.793,1.8022,1.8029,1.00,1.60
2010.09.17 01:41:20.971,1.8022,1.8029,1.00,1.00
2010.09.17 01:41:30.938,1.8022,1.8028,1.00,1.00
2010.09.17 01:41:31.049,1.8022,1.8029,1.00,1.00
2010.09.17 01:41:31.369,1.8022,1.8028,1.00,1.00
2010.09.17 01:41:31.871,1.8022,1.8029,1.00,1.00
2010.09.17 01:41:32.077,1.8022,1.8028,1.00,1.00
2010.09.17 01:41:32.330,1.8022,1.8029,1.00,1.00
2010.09.17 01:41:34.985,1.8022,1.8028,1.00,1.00
2010.09.17 01:41:35.109,1.8022,1.8029,1.00,1.00
2010.09.17 01:41:35.345,1.8022,1.8028,1.00,1.00
2010.09.17 01:41:35.557,1.8021,1.8028,3.80,1.00
2010.09.17 01:41:35.928,1.8021,1.8028,2.20,1.00
2010.09.17 01:41:36.490,1.8021,1.8028,1.00,1.00
2010.09.17 01:41:36.758,1.80225,1.8029,1.00,1.00
2010.09.17 01:41:37.259,1.8022,1.8029,2.20,1.00
2010.09.17 01:41:38.325,1.8022,1.8029,1.00,1.00
2010.09.17 01:41:39.370,1.802,1.8029,2.20,2.40
2010.09.17 01:41:39.528,1.802,1.80285,1.00,1.60
2010.09.17 01:41:40.818,1.802,1.8028,1.00,1.00
2010.09.17 01:41:41.748,1.802,1.80285,1.00,1.60
2010.09.17 01:41:41.779,1.80205,1.80285,1.00,1.60
2010.09.17 01:41:42.626,1.80205,1.8029,2.20,1.00
2010.09.17 01:41:49.419,1.8021,1.8029,1.00,1.00
2010.09.17 01:41:50.403,1.80205,1.8029,2.20,1.00
2010.09.17 01:41:50.622,1.80205,1.8028,1.60,1.00
2010.09.17 01:41:51.528,1.802,1.8028,1.00,1.00
2010.09.17 01:41:58.341,1.802,1.8029,1.00,4.00
2010.09.17 01:41:58.890,1.80205,1.8029,1.00,3.30
2010.09.17 01:41:59.100,1.802,1.8028,1.00,1.00
2010.09.17 01:42:03.217,1.802,1.8029,1.00,4.00
2010.09.17 01:42:03.336,1.80175,1.80265,2.00,2.20
2010.09.17 01:42:04.038,1.80175,1.80265,1.00,2.20
2010.09.17 01:42:04.384,1.80175,1.80265,1.00,3.80
2010.09.17 01:42:04.733,1.8018,1.80265,1.00,1.60
2010.09.17 01:42:04.941,1.8018,1.8027,2.20,2.40
2010.09.17 01:42:05.653,1.8018,1.8026,2.20,1.00
2010.09.17 01:42:06.667,1.8018,1.8027,2.30,2.30
2010.09.17 01:42:11.721,1.8018,1.80265,2.30,1.30
2010.09.17 01:42:11.765,1.80175,1.8025,1.00,1.00
2010.09.17 01:42:12.598,1.80175,1.8025,1.00,3.80
2010.09.17 01:42:12.945,1.80135,1.80225,1.00,3.80
2010.09.17 01:42:13.292,1.8015,1.8022,1.00,1.00
2010.09.17 01:42:13.640,1.80135,1.8021,1.00,1.60
2010.09.17 01:42:14.434,1.80165,1.8024,2.90,1.60
2010.09.17 01:42:14.731,1.80175,1.8025,1.00,1.00
2010.09.17 01:42:15.269,1.80175,1.8024,1.00,1.00
2010.09.17 01:42:15.447,1.80175,1.8024,1.00,1.50
2010.09.17 01:42:16.043,1.8016,1.80225,1.00,1.00
2010.09.17 01:42:16.216,1.8018,1.80245,3.20,1.00
2010.09.17 01:42:16.381,1.8016,1.80245,2.00,1.00
2010.09.17 01:42:16.551,1.80175,1.8025,1.00,3.90
2010.09.17 01:42:16.869,1.80175,1.8025,1.00,1.00
2010.09.17 01:42:18.306,1.80175,1.8025,1.00,1.00
2010.09.17 01:42:20.192,1.80175,1.8025,1.00,1.00
2010.09.17 01:42:20.944,1.8019,1.8026,1.00,1.70
2010.09.17 01:42:21.223,1.80195,1.8027,1.00,1.00
2010.09.17 01:42:26.713,1.8019,1.80265,1.00,1.00
2010.09.17 01:42:27.068,1.80195,1.8027,1.00,1.00
2010.09.17 01:42:29.110,1.8021,1.8028,1.00,1.00
2010.09.17 01:42:31.943,1.802,1.8027,1.60,1.00
2010.09.17 01:42:32.177,1.80195,1.8027,1.00,1.00
2010.09.17 01:42:33.517,1.80175,1.8025,1.00,1.00
2010.09.17 01:42:33.658,1.80185,1.8026,1.00,3.90
2010.09.17 01:42:34.389,1.80185,1.8026,1.00,1.00
2010.09.17 01:42:34.728,1.80185,1.8025,1.00,1.00
2010.09.17 01:42:35.684,1.80185,1.8026,1.00,1.00
2010.09.17 01:42:35.906,1.80175,1.8025,1.00,1.00
2010.09.17 01:42:36.128,1.80175,1.8025,1.00,1.00
2010.09.17 01:42:36.352,1.80185,1.8026,1.00,4.00
2010.09.17 01:42:37.069,1.80185,1.8025,1.00,1.00
2010.09.17 01:42:38.900,1.80195,1.8027,1.00,2.20
2010.09.17 01:42:39.211,1.80195,1.8028,2.00,1.60
2010.09.17 01:42:39.746,1.802,1.8028,1.30,1.60
2010.09.17 01:42:39.925,1.80205,1.80275,3.20,1.00
2010.09.17 01:42:40.889,1.802,1.80275,1.00,1.00
2010.09.17 01:42:41.688,1.802,1.80275,2.00,1.00
2010.09.17 01:42:41.921,1.802,1.80275,2.00,1.00
2010.09.17 01:42:42.629,1.802,1.80275,1.00,1.00
2010.09.17 01:42:43.597,1.802,1.8027,1.00,1.00
2010.09.17 01:42:44.848,1.80195,1.8027,1.00,1.00
2010.09.17 01:42:48.317,1.8019,1.8026,1.60,1.00
2010.09.17 01:42:48.551,1.80185,1.8026,1.00,1.00
2010.09.17 01:42:49.635,1.8018,1.8025,1.00,1.00
2010.09.17 01:42:58.976,1.8017,1.8024,1.00,1.00
2010.09.17 01:43:00.528,1.8017,1.80245,1.00,1.00
2010.09.17 01:43:00.967,1.8017,1.80245,1.00,3.80
2010.09.17 01:43:01.882,1.8017,1.8024,1.00,1.00
2010.09.17 01:43:07.497,1.8018,1.80245,1.00,3.20
2010.09.17 01:43:07.778,1.8018,1.8025,1.00,1.60
2010.09.17 01:43:17.135,1.8017,1.8025,3.20,1.50
2010.09.17 01:43:17.411,1.8016,1.80235,1.00,1.00
2010.09.17 01:43:17.689,1.8016,1.80235,1.00,1.00
2010.09.17 01:43:18.460,1.8017,1.80245,1.00,2.20
2010.09.17 01:43:19.040,1.8017,1.80245,1.00,1.00
2010.09.17 01:43:19.815,1.8017,1.8024,1.00,1.00
2010.09.17 01:43:25.918,1.8017,1.8024,2.00,1.00
2010.09.17 01:43:26.059,1.8017,1.8025,2.00,1.00
2010.09.17 01:43:27.361,1.8017,1.80245,1.00,1.00
2010.09.17 01:43:28.029,1.8016,1.8023,1.00,1.00
2010.09.17 01:43:28.637,1.8016,1.8023,1.00,1.00
2010.09.17 01:43:28.968,1.8016,1.8021,1.00,1.00
2010.09.17 01:43:29.808,1.8015,1.8021,1.00,1.00
2010.09.17 01:43:29.879,1.8015,1.8021,1.00,2.00
2010.09.17 01:43:29.948,1.8015,1.80205,1.00,1.00
2010.09.17 01:43:30.024,1.8015,1.80195,1.00,1.00
2010.09.17 01:43:30.168,1.80135,1.80195,2.00,1.00
2010.09.17 01:43:30.238,1.8014,1.80195,1.00,1.00
2010.09.17 01:43:34.447,1.8014,1.80195,1.00,1.00
2010.09.17 01:43:35.318,1.8014,1.80195,2.30,1.00
2010.09.17 01:43:35.515,1.80145,1.80195,2.00,1.00
2010.09.17 01:43:40.262,1.80145,1.802,2.00,1.00
2010.09.17 01:43:45.499,1.8014,1.802,3.90,1.00
2010.09.17 01:43:45.647,1.8014,1.802,1.00,1.00
2010.09.17 01:43:45.947,1.8014,1.802,1.00,1.00
2010.09.17 01:43:57.927,1.8014,1.802,1.00,1.00
2010.09.17 01:43:58.147,1.8014,1.802,1.00,1.00
2010.09.17 01:43:58.361,1.8014,1.8019,1.00,1.30
2010.09.17 01:43:58.899,1.8014,1.80185,1.00,1.60
2010.09.17 01:43:59.056,1.8009,1.80125,3.20,1.00
2010.09.17 01:43:59.213,1.80085,1.80125,1.00,1.00
2010.09.17 01:43:59.358,1.8007,1.80135,1.30,1.00
2010.09.17 01:43:59.512,1.8009,1.80145,1.00,2.00
2010.09.17 01:43:59.782,1.8009,1.80145,1.00,1.00
2010.09.17 01:44:01.412,1.8009,1.80145,2.20,1.00
2010.09.17 01:44:01.620,1.8009,1.80145,2.30,1.00
2010.09.17 01:44:10.640,1.8009,1.80155,2.30,1.20
2010.09.17 01:44:10.728,1.8009,1.80155,2.30,1.00
2010.09.17 01:44:17.789,1.8009,1.80155,2.20,1.00
2010.09.17 01:44:18.447,1.80085,1.80155,1.00,1.00
2010.09.17 01:44:20.396,1.80085,1.8015,1.00,1.00
2010.09.17 01:44:21.590,1.8008,1.8014,3.20,1.00
2010.09.17 01:44:21.904,1.8007,1.8014,2.20,1.00
2010.09.17 01:44:22.717,1.8007,1.8014,1.60,1.00
2010.09.17 01:44:23.038,1.80065,1.8014,1.00,1.00
2010.09.17 01:44:25.958,1.80065,1.80125,1.00,1.00
2010.09.17 01:44:27.650,1.80065,1.80125,2.00,1.00
2010.09.17 01:44:27.951,1.8007,1.80135,2.20,1.00
2010.09.17 01:44:28.254,1.8007,1.80135,1.60,1.00
2010.09.17 01:44:28.754,1.80065,1.80135,1.00,1.00
2010.09.17 01:44:30.781,1.80065,1.80125,1.00,1.00
2010.09.17 01:44:37.968,1.8007,1.80125,1.00,1.00
2010.09.17 01:44:38.905,1.8007,1.80125,2.20,1.00
2010.09.17 01:44:39.382,1.8007,1.80125,2.40,1.00
2010.09.17 01:44:40.640,1.8007,1.80135,2.40,1.00
2010.09.17 01:44:42.597,1.80095,1.8015,1.00,1.00
2010.09.17 01:44:43.438,1.80095,1.8015,2.00,1.00
2010.09.17 01:44:44.098,1.8011,1.8015,1.00,1.00
2010.09.17 01:44:44.209,1.80135,1.8018,1.00,1.00
2010.09.17 01:44:44.310,1.8014,1.8018,1.00,1.00
2010.09.17 01:44:45.075,1.8014,1.80185,1.00,1.00
2010.09.17 01:44:45.187,1.8013,1.802,1.00,1.00
2010.09.17 01:44:45.533,1.8014,1.8021,1.00,1.00
2010.09.17 01:44:47.199,1.8014,1.80215,1.00,1.00
2010.09.17 01:44:47.440,1.8014,1.8021,1.00,1.00
2010.09.17 01:44:49.507,1.8014,1.80215,1.00,1.00
2010.09.17 01:44:51.838,1.8014,1.8021,1.00,1.00
2010.09.17 01:44:51.898,1.8014,1.80215,1.00,1.00
2010.09.17 01:44:55.587,1.8014,1.8021,1.00,1.00
2010.09.17 01:44:58.592,1.80135,1.8021,1.00,1.00
2010.09.17 01:44:58.740,1.8013,1.8021,1.30,1.00
2010.09.17 01:44:58.799,1.80125,1.80205,3.20,1.30
2010.09.17 01:44:58.860,1.80125,1.80195,1.60,1.60
2010.09.17 01:44:58.921,1.8012,1.80195,1.00,3.20
2010.09.17 01:44:59.409,1.8012,1.80205,1.00,2.90
2010.09.17 01:44:59.753,1.80115,1.8019,1.00,1.00
2010.09.17 01:45:01.484,1.80115,1.8019,1.00,1.00
2010.09.17 01:45:02.794,1.80115,1.8019,1.00,1.00
2010.09.17 01:45:02.937,1.80115,1.8019,1.00,1.00
2010.09.17 01:45:03.662,1.8012,1.8019,1.00,1.00
2010.09.17 01:45:03.933,1.80125,1.80195,1.00,1.00
2010.09.17 01:45:04.192,1.8013,1.802,1.00,1.00
2010.09.17 01:45:05.472,1.8013,1.80205,1.00,1.00
2010.09.17 01:45:07.510,1.80115,1.8019,1.00,1.00
2010.09.17 01:45:11.312,1.80115,1.8018,1.00,1.00
2010.09.17 01:45:11.529,1.801,1.80175,3.80,1.00
2010.09.17 01:45:12.368,1.801,1.80175,1.00,1.00
2010.09.17 01:45:14.828,1.8011,1.8018,1.00,1.00
2010.09.17 01:45:15.098,1.8011,1.80185,1.00,1.00
2010.09.17 01:45:19.141,1.8011,1.8017,1.00,1.00
2010.09.17 01:45:19.809,1.80095,1.8017,1.00,1.00
2010.09.17 01:45:19.983,1.801,1.80175,1.00,1.00
2010.09.17 01:45:23.793,1.801,1.8017,1.00,1.00
2010.09.17 01:45:24.341,1.801,1.80175,1.00,1.00
2010.09.17 01:45:24.908,1.801,1.8017,1.00,1.00
2010.09.17 01:45:25.575,1.801,1.80175,1.00,1.00
2010.09.17 01:45:28.361,1.801,1.80175,2.20,1.00
2010.09.17 01:45:28.484,1.8011,1.8018,1.00,1.00
2010.09.17 01:45:29.088,1.8011,1.80185,1.00,1.00
2010.09.17 01:45:32.867,1.8011,1.8018,1.00,1.00
2010.09.17 01:45:33.349,1.8011,1.80185,1.00,1.00
2010.09.17 01:45:33.702,1.8011,1.8018,1.00,1.00
2010.09.17 01:45:34.629,1.80105,1.8018,1.00,1.00
2010.09.17 01:45:37.294,1.80105,1.80185,1.00,1.00
2010.09.17 01:45:44.501,1.8011,1.80185,1.00,1.00
2010.09.17 01:45:44.727,1.80115,1.8019,1.00,1.00
2010.09.17 01:45:51.344,1.80115,1.8019,1.00,1.00
2010.09.17 01:45:51.628,1.80115,1.8019,1.00,1.00
2010.09.17 01:45:52.613,1.80115,1.8019,1.00,1.00
2010.09.17 01:45:52.780,1.8012,1.8019,1.00,1.00
2010.09.17 01:45:52.940,1.80125,1.802,1.00,1.60
2010.09.17 01:45:53.552,1.8012,1.80195,2.30,1.00
2010.09.17 01:45:53.862,1.8012,1.80195,2.20,1.00
2010.09.17 01:45:54.163,1.80115,1.8019,1.60,1.00
2010.09.17 01:45:54.934,1.8011,1.80185,1.00,1.30
2010.09.17 01:45:55.210,1.80085,1.8018,2.00,3.30
2010.09.17 01:45:55.491,1.80085,1.8017,2.00,1.30
2010.09.17 01:45:55.769,1.8008,1.8017,1.00,3.60
2010.09.17 01:45:56.049,1.80075,1.80165,3.60,1.00
2010.09.17 01:45:56.770,1.80075,1.80165,1.00,5.20
2010.09.17 01:45:57.051,1.8007,1.80155,1.00,2.20
2010.09.17 01:46:00.798,1.8007,1.80155,1.00,2.20
2010.09.17 01:46:02.338,1.80065,1.8015,2.20,1.00
2010.09.17 01:46:03.188,1.80075,1.8015,1.00,1.00
2010.09.17 01:46:03.969,1.80075,1.80155,1.00,1.60
2010.09.17 01:46:04.087,1.80075,1.8016,1.00,1.60
2010.09.17 01:46:05.057,1.80075,1.80165,1.00,3.20
2010.09.17 01:46:08.748,1.8008,1.8015,1.00,1.60
2010.09.17 01:46:08.893,1.8011,1.8018,1.00,1.00
2010.09.17 01:46:16.882,1.8011,1.8018,2.20,1.00
2010.09.17 01:46:17.096,1.8012,1.80195,1.00,1.00
2010.09.17 01:46:19.018,1.8012,1.8019,1.00,1.00
2010.09.17 01:46:19.643,1.8012,1.80195,1.00,1.00
2010.09.17 01:46:31.235,1.80125,1.802,1.00,1.00
2010.09.17 01:46:31.908,1.8012,1.80195,1.00,1.00
2010.09.17 01:46:43.851,1.8012,1.80195,1.00,1.00
2010.09.17 01:46:45.750,1.8012,1.8019,1.00,1.00
2010.09.17 01:46:50.992,1.8012,1.80195,1.00,1.00
2010.09.17 01:46:51.177,1.8013,1.80205,1.00,4.50
2010.09.17 01:46:51.788,1.8013,1.80205,1.00,1.30
2010.09.17 01:46:51.983,1.8013,1.8021,1.00,1.00
2010.09.17 01:46:52.908,1.8013,1.8021,1.00,1.00
2010.09.17 01:46:53.189,1.8013,1.8021,1.00,2.00
2010.09.17 01:47:10.899,1.8013,1.802,1.00,1.30
2010.09.17 01:47:11.185,1.80125,1.802,2.20,2.10
2010.09.17 01:47:11.393,1.80125,1.802,1.00,2.00
2010.09.17 01:47:11.948,1.80125,1.802,2.20,1.00
2010.09.17 01:47:12.052,1.8013,1.8021,1.00,2.10
2010.09.17 01:47:13.565,1.8013,1.802,1.00,1.00
2010.09.17 01:47:14.988,1.80135,1.802,1.00,1.00
2010.09.17 01:47:18.431,1.8013,1.802,1.00,1.00
2010.09.17 01:47:18.549,1.8013,1.802,1.00,1.00
2010.09.17 01:47:30.237,1.8013,1.80205,1.00,2.00
2010.09.17 01:47:30.428,1.8013,1.802,1.00,1.00
2010.09.17 01:47:30.531,1.80135,1.802,1.00,1.00
2010.09.17 01:47:31.323,1.80135,1.8021,1.00,1.00
2010.09.17 01:47:36.990,1.80135,1.802,1.00,1.00
2010.09.17 01:47:39.409,1.80135,1.8021,1.00,1.00
2010.09.17 01:47:40.468,1.80135,1.802,1.00,1.00
2010.09.17 01:47:41.941,1.80135,1.8021,1.00,1.00
2010.09.17 01:47:42.280,1.80135,1.8021,2.20,1.00
2010.09.17 01:47:42.358,1.80145,1.8021,1.60,1.00
2010.09.17 01:47:43.176,1.8015,1.8022,1.60,1.00
2010.09.17 01:47:43.473,1.8015,1.80215,1.60,1.00
2010.09.17 01:47:43.770,1.8014,1.80215,3.80,1.00
2010.09.17 01:47:44.573,1.8014,1.80205,2.20,1.30
2010.09.17 01:47:44.841,1.80135,1.80205,1.30,1.00
2010.09.17 01:47:45.120,1.80145,1.8022,2.20,2.00
2010.09.17 01:47:45.834,1.8015,1.8022,1.60,1.00
2010.09.17 01:47:47.030,1.80145,1.8022,1.00,1.00
2010.09.17 01:47:48.707,1.80145,1.8022,1.00,1.00
2010.09.17 01:47:50.257,1.80145,1.8021,1.00,1.00
2010.09.17 01:47:50.417,1.8014,1.8021,1.00,1.00
2010.09.17 01:47:55.341,1.80145,1.8022,1.00,1.00
2010.09.17 01:47:56.002,1.80155,1.8022,1.00,1.00
2010.09.17 01:47:56.563,1.80155,1.8023,1.00,5.30
2010.09.17 01:47:56.916,1.8017,1.8024,1.00,1.00
2010.09.17 01:47:58.391,1.80175,1.8025,1.00,1.00
2010.09.17 01:48:04.147,1.80175,1.8024,1.00,1.50
2010.09.17 01:48:04.380,1.8016,1.80235,1.00,1.00
2010.09.17 01:48:05.049,1.8017,1.8024,1.00,1.00
2010.09.17 01:48:06.532,1.8018,1.8025,1.00,1.70
2010.09.17 01:48:06.710,1.8018,1.8025,1.00,1.00
2010.09.17 01:48:06.878,1.8018,1.80255,1.00,1.00
2010.09.17 01:48:08.227,1.8018,1.8025,1.00,1.00
2010.09.17 01:48:08.376,1.8017,1.8024,1.00,1.00
2010.09.17 01:48:15.541,1.8017,1.8023,1.00,1.00
2010.09.17 01:48:15.610,1.8016,1.8023,2.00,1.00
2010.09.17 01:48:16.413,1.8016,1.8023,1.00,1.00
2010.09.17 01:48:18.155,1.80155,1.8022,1.00,1.00
2010.09.17 01:48:20.032,1.80155,1.8023,1.00,2.00
2010.09.17 01:48:21.230,1.8016,1.8023,1.00,1.00
2010.09.17 01:48:24.165,1.80155,1.8023,2.00,1.00
2010.09.17 01:48:24.684,1.80155,1.8023,1.00,2.00
2010.09.17 01:48:25.719,1.80155,1.8023,2.00,1.00
2010.09.17 01:48:25.931,1.8016,1.8023,1.00,1.00
2010.09.17 01:48:29.358,1.80155,1.8023,1.00,2.00
2010.09.17 01:48:29.718,1.8016,1.8023,1.00,1.00
2010.09.17 01:48:31.831,1.80155,1.8023,2.00,1.00
2010.09.17 01:48:32.070,1.80155,1.8023,1.00,2.00
2010.09.17 01:48:33.274,1.80155,1.8022,1.00,1.00
2010.09.17 01:48:55.667,1.80155,1.8022,1.00,1.00
2010.09.17 01:48:56.240,1.80155,1.8023,1.00,2.10
2010.09.17 01:48:56.382,1.80155,1.8022,1.00,1.00
2010.09.17 01:49:01.471,1.80145,1.8021,1.60,1.00
2010.09.17 01:49:01.610,1.8014,1.8021,1.00,1.00
2010.09.17 01:49:05.266,1.8014,1.8021,2.00,1.00
2010.09.17 01:49:05.432,1.8014,1.80215,2.00,1.00
2010.09.17 01:49:05.602,1.80145,1.8022,1.00,1.00
2010.09.17 01:49:08.309,1.80155,1.8022,1.30,1.00
2010.09.17 01:49:08.520,1.8016,1.8023,1.00,1.00
2010.09.17 01:49:09.148,1.8016,1.8023,1.00,1.00
2010.09.17 01:49:09.663,1.8016,1.8023,1.00,1.00
2010.09.17 01:49:12.814,1.80175,1.80245,1.00,2.90
2010.09.17 01:49:12.984,1.80175,1.8025,1.00,1.00
2010.09.17 01:49:36.999,1.80175,1.8024,1.00,1.00
2010.09.17 01:49:37.526,1.80165,1.80235,1.30,1.00
2010.09.17 01:49:37.572,1.8016,1.80235,1.00,1.00
2010.09.17 01:49:39.199,1.80175,1.8024,1.00,1.00
2010.09.17 01:49:39.422,1.8016,1.80235,1.00,1.00
2010.09.17 01:49:40.609,1.8016,1.80235,1.00,1.00
2010.09.17 01:49:41.427,1.8016,1.8023,1.00,1.00
2010.09.17 01:49:43.258,1.8016,1.8023,1.00,1.00
2010.09.17 01:49:45.748,1.8016,1.80235,1.00,1.00
2010.09.17 01:49:50.865,1.80175,1.80245,1.30,1.60
2010.09.17 01:49:51.038,1.80175,1.80255,1.30,3.20
2010.09.17 01:49:51.078,1.80175,1.80255,2.90,1.60
2010.09.17 01:49:51.118,1.80175,1.8027,4.90,3.20
2010.09.17 01:49:51.188,1.8018,1.80265,1.30,1.30
2010.09.17 01:49:51.315,1.80185,1.8026,1.00,1.00
2010.09.17 01:49:52.629,1.80185,1.8026,1.00,1.00
2010.09.17 01:49:54.135,1.80185,1.80255,1.00,1.30
2010.09.17 01:49:54.289,1.80185,1.80255,1.00,2.90
2010.09.17 01:49:54.437,1.80165,1.80255,2.00,3.60
2010.09.17 01:49:54.739,1.80165,1.80255,2.00,5.20
2010.09.17 01:49:55.579,1.80165,1.8025,2.00,1.00
2010.09.17 01:50:24.447,1.80165,1.80245,1.30,1.00
2010.09.17 01:50:25.060,1.8016,1.80245,4.70,2.00
2010.09.17 01:50:25.276,1.80155,1.8024,1.30,4.70
2010.09.17 01:50:47.356,1.80155,1.8023,1.30,1.00
2010.09.17 01:50:47.872,1.8015,1.8023,1.30,1.50
2010.09.17 01:50:57.325,1.80155,1.8023,1.30,1.00
2010.09.17 01:50:57.430,1.80165,1.8023,1.30,1.00
2010.09.17 01:50:57.691,1.80165,1.8025,2.00,1.00
2010.09.17 01:50:59.290,1.8017,1.80255,1.50,3.80
2010.09.17 01:50:59.579,1.8017,1.80255,1.00,3.60
2010.09.17 01:50:59.869,1.80165,1.8025,2.90,1.00
2010.09.17 01:51:00.598,1.80165,1.80245,1.30,1.60
2010.09.17 01:51:00.853,1.80165,1.80245,2.00,1.60
2010.09.17 01:51:01.119,1.80165,1.8025,2.00,1.00
2010.09.17 01:51:01.390,1.80165,1.8025,1.30,1.00
2010.09.17 01:51:12.852,1.8017,1.80255,1.00,5.20
2010.09.17 01:51:19.839,1.80165,1.8025,1.30,1.00
2010.09.17 01:51:20.207,1.80165,1.8025,1.30,1.00
2010.09.17 01:51:20.458,1.80165,1.8025,1.30,2.10
2010.09.17 01:51:22.270,1.80165,1.8025,1.30,2.00
2010.09.17 01:51:22.368,1.80165,1.8025,1.30,1.00
2010.09.17 01:51:23.702,1.80165,1.8025,1.30,2.00
2010.09.17 01:51:27.658,1.80165,1.8025,1.30,1.00
2010.09.17 01:51:30.416,1.80165,1.8025,1.30,1.00
2010.09.17 01:51:39.257,1.80165,1.8025,1.30,1.60
2010.09.17 01:51:43.409,1.80165,1.8025,1.30,1.00
2010.09.17 01:51:46.327,1.80165,1.8025,1.30,1.60
2010.09.17 01:51:49.148,1.80165,1.8025,1.30,1.00
2010.09.17 01:51:52.207,1.80165,1.80245,1.30,1.00
2010.09.17 01:51:52.741,1.8016,1.80245,3.00,2.00
2010.09.17 01:51:52.842,1.8016,1.80245,1.40,3.60
2010.09.17 01:51:58.636,1.8016,1.8024,1.40,1.00
2010.09.17 01:52:09.096,1.8016,1.80245,1.40,3.60
2010.09.17 01:52:22.299,1.8016,1.80245,1.30,3.60
2010.09.17 01:52:22.649,1.8016,1.80245,2.00,2.90
2010.09.17 01:52:23.150,1.80165,1.80255,1.30,5.20
2010.09.17 01:52:26.938,1.8016,1.80245,4.50,2.00
2010.09.17 01:52:26.993,1.80165,1.80245,1.30,2.20
2010.09.17 01:52:27.048,1.80165,1.80245,1.30,1.00
2010.09.17 01:52:27.098,1.80165,1.80255,1.30,5.20
2010.09.17 01:52:52.697,1.8017,1.80255,1.00,4.50
2010.09.17 01:52:52.863,1.80175,1.80255,1.30,3.20
2010.09.17 01:52:53.501,1.80175,1.8026,1.30,3.70
2010.09.17 01:52:58.120,1.80175,1.8025,1.30,1.00
2010.09.17 01:52:58.247,1.80165,1.8025,4.50,1.00
2010.09.17 01:52:58.758,1.80165,1.8025,2.90,1.00
2010.09.17 01:52:58.891,1.80165,1.8025,1.30,1.00
2010.09.17 01:53:20.819,1.8016,1.80245,5.30,1.30
2010.09.17 01:53:20.911,1.8016,1.80245,4.70,2.00
2010.09.17 01:53:20.962,1.8016,1.80245,1.50,3.60
2010.09.17 01:53:36.487,1.8016,1.8024,1.30,1.00
2010.09.17 01:53:36.916,1.8016,1.80245,1.50,3.60
2010.09.17 01:53:56.887,1.8016,1.80245,1.50,3.30
2010.09.17 01:53:57.505,1.8016,1.80245,1.50,3.60
2010.09.17 01:53:58.449,1.8016,1.8024,1.30,1.00
2010.09.17 01:54:00.390,1.8016,1.80245,1.50,3.60
2010.09.17 01:54:01.016,1.8016,1.8024,1.30,1.00
2010.09.17 01:54:07.261,1.8016,1.80245,1.40,3.60
2010.09.17 01:54:07.343,1.8016,1.80245,1.50,3.60
2010.09.17 01:54:07.862,1.8016,1.8024,1.30,1.00
2010.09.17 01:54:08.323,1.8016,1.8024,1.30,1.00
2010.09.17 01:54:10.419,1.8016,1.80245,1.50,3.60
2010.09.17 01:54:22.949,1.8016,1.80245,1.50,2.00
2010.09.17 01:54:24.058,1.8016,1.8024,1.30,1.00
2010.09.17 01:54:27.241,1.8016,1.8024,1.30,1.00
2010.09.17 01:54:27.457,1.80155,1.8024,1.30,5.20
2010.09.17 01:54:27.689,1.80155,1.8023,1.30,1.00
2010.09.17 01:54:31.585,1.80155,1.8023,2.00,1.00
2010.09.17 01:54:31.702,1.8016,1.8024,1.30,1.60
2010.09.17 01:54:33.089,1.8016,1.8024,1.40,1.60
2010.09.17 01:54:33.882,1.8016,1.8024,1.30,1.70
2010.09.17 01:54:38.178,1.8016,1.8024,1.30,1.60
2010.09.17 01:54:38.763,1.8016,1.80245,2.90,3.60
2010.09.17 01:54:39.115,1.80175,1.8024,2.00,1.00
2010.09.17 01:54:39.400,1.8017,1.8023,1.60,1.40
2010.09.17 01:54:39.958,1.80165,1.8023,1.60,1.40
2010.09.17 01:54:40.255,1.80165,1.8023,1.00,1.00
2010.09.17 01:54:41.706,1.8017,1.8024,1.30,1.00
2010.09.17 01:54:41.923,1.80165,1.80235,1.00,1.00
2010.09.17 01:54:43.687,1.80165,1.8023,1.00,1.00
2010.09.17 01:54:44.980,1.8017,1.8024,1.00,1.00
2010.09.17 01:54:46.317,1.8016,1.8023,1.60,1.00
2010.09.17 01:54:46.663,1.80155,1.8023,1.30,1.00
2010.09.17 01:55:01.791,1.8015,1.8023,2.00,1.00
2010.09.17 01:55:03.648,1.8015,1.8023,1.00,1.50
2010.09.17 01:55:03.834,1.8015,1.8023,2.00,1.00
2010.09.17 01:55:05.202,1.8017,1.80235,1.00,3.20
2010.09.17 01:55:05.540,1.8017,1.8024,1.00,1.00
2010.09.17 01:55:06.975,1.80155,1.8022,1.00,1.00
2010.09.17 01:55:07.638,1.80155,1.8022,1.00,1.00
2010.09.17 01:55:27.003,1.80165,1.8022,1.00,1.00
2010.09.17 01:55:27.180,1.80165,1.8023,1.00,1.00
2010.09.17 01:55:29.111,1.80175,1.8024,1.00,1.00
2010.09.17 01:55:29.799,1.80175,1.8025,1.00,1.00
2010.09.17 01:55:30.026,1.80165,1.8024,1.30,1.00
2010.09.17 01:55:30.629,1.80165,1.8025,1.30,3.20
2010.09.17 01:55:34.711,1.80165,1.8024,1.30,1.00
2010.09.17 01:55:35.516,1.80165,1.8025,1.30,3.20
2010.09.17 01:55:38.047,1.80165,1.8024,1.30,1.00
2010.09.17 01:55:44.709,1.80165,1.8025,1.30,3.20
2010.09.17 01:55:45.419,1.80165,1.8024,1.30,1.00
2010.09.17 01:56:14.267,1.80155,1.80225,3.20,1.00
2010.09.17 01:56:14.459,1.8015,1.80225,1.00,1.00
2010.09.17 01:56:15.072,1.80155,1.80225,1.30,1.00
2010.09.17 01:56:15.180,1.80165,1.8024,1.30,1.00
2010.09.17 01:56:15.667,1.80165,1.8024,1.30,1.00
2010.09.17 01:56:17.038,1.8016,1.8024,2.00,1.00
2010.09.17 01:56:17.594,1.8016,1.8024,1.30,1.70
2010.09.17 01:56:18.042,1.8016,1.8023,1.30,1.00
2010.09.17 01:56:18.278,1.8015,1.80225,3.60,1.00
2010.09.17 01:56:18.517,1.8015,1.80225,2.00,1.00
2010.09.17 01:56:20.510,1.8015,1.8022,2.00,1.00
2010.09.17 01:56:20.839,1.80165,1.8022,1.30,1.00
2010.09.17 01:56:21.072,1.80165,1.8023,2.00,1.00
2010.09.17 01:56:31.072,1.80165,1.8022,2.00,1.00
2010.09.17 01:56:31.370,1.80155,1.8022,1.00,1.00
2010.09.17 01:56:32.414,1.80155,1.8022,1.00,1.00
2010.09.17 01:56:41.854,1.80155,1.8021,1.00,1.00
2010.09.17 01:56:45.078,1.80155,1.8022,2.00,1.00
2010.09.17 01:56:45.644,1.8016,1.8022,1.00,1.00
2010.09.17 01:56:45.772,1.8016,1.8023,1.00,1.00
2010.09.17 01:56:47.724,1.80165,1.8023,1.00,1.00
2010.09.17 01:56:47.814,1.8016,1.8022,1.00,1.00
2010.09.17 01:56:51.487,1.8016,1.8022,1.00,1.00
2010.09.17 01:56:54.184,1.80175,1.80245,1.00,4.50
2010.09.17 01:56:54.414,1.80185,1.8024,1.00,1.00
2010.09.17 01:56:54.644,1.80175,1.8024,1.00,1.00
2010.09.17 01:57:01.367,1.80175,1.80235,1.00,1.60
2010.09.17 01:57:01.484,1.8015,1.80225,1.00,1.30
2010.09.17 01:57:01.593,1.80145,1.8023,1.30,1.80
2010.09.17 01:57:02.090,1.80145,1.80225,1.30,1.60
2010.09.17 01:57:02.620,1.80145,1.8022,1.30,1.00
2010.09.17 01:57:04.014,1.80145,1.8022,1.30,1.00
2010.09.17 01:57:06.699,1.80145,1.8021,1.30,1.00
2010.09.17 01:57:06.770,1.80135,1.80205,1.00,2.90
2010.09.17 01:57:06.839,1.8012,1.80205,2.00,2.90
2010.09.17 01:57:07.387,1.8012,1.80205,1.30,3.60
2010.09.17 01:57:07.524,1.801,1.80185,1.30,4.50
2010.09.17 01:57:07.868,1.801,1.8018,1.30,3.20
2010.09.17 01:57:08.720,1.801,1.8018,1.30,3.30
2010.09.17 01:57:09.023,1.801,1.80175,1.30,1.60
2010.09.17 01:57:09.690,1.801,1.8017,1.30,1.00
2010.09.17 01:57:10.428,1.80115,1.8017,1.00,1.00
2010.09.17 01:57:11.182,1.80115,1.8018,1.00,1.00
2010.09.17 01:57:13.699,1.80125,1.8018,1.30,1.00
2010.09.17 01:57:13.773,1.80125,1.8019,2.00,1.00
2010.09.17 01:57:18.767,1.80135,1.8019,1.30,1.00
2010.09.17 01:57:18.996,1.80135,1.802,2.00,1.00
2010.09.17 01:57:19.441,1.80125,1.802,3.60,1.00
2010.09.17 01:57:20.289,1.80125,1.8019,2.00,1.00
2010.09.17 01:57:27.709,1.8012,1.8019,2.00,1.00
2010.09.17 01:57:28.513,1.80135,1.8019,2.00,1.00
2010.09.17 01:57:28.759,1.80125,1.8019,2.00,1.00
2010.09.17 01:57:31.039,1.80135,1.8019,1.30,1.00
2010.09.17 01:57:31.149,1.80135,1.802,1.30,1.00
2010.09.17 01:57:31.258,1.80135,1.802,2.00,1.00
2010.09.17 01:57:37.961,1.80135,1.8019,2.00,1.00
2010.09.17 01:57:38.571,1.80135,1.8019,1.30,1.00
2010.09.17 01:57:38.692,1.80125,1.8019,2.00,1.00
2010.09.17 01:57:49.629,1.80125,1.8019,1.00,1.00
2010.09.17 01:57:49.774,1.80125,1.8019,2.00,1.00
2010.09.17 01:57:55.464,1.80125,1.8018,2.00,1.00
2010.09.17 01:58:01.628,1.80125,1.8018,2.00,1.00
2010.09.17 01:58:02.087,1.80135,1.8018,1.00,1.00
2010.09.17 01:58:02.300,1.80135,1.8018,2.00,1.00
2010.09.17 01:58:03.930,1.8014,1.8018,1.30,1.00
2010.09.17 01:58:04.585,1.8014,1.8019,2.00,1.00
2010.09.17 01:58:20.427,1.8014,1.8019,1.00,1.00
2010.09.17 01:58:20.982,1.80135,1.8019,2.00,1.00
2010.09.17 01:58:21.347,1.80135,1.8018,2.00,1.00
2010.09.17 01:58:21.718,1.80135,1.8019,2.00,1.00
2010.09.17 01:58:24.198,1.8014,1.8019,1.30,1.00
2010.09.17 01:58:24.472,1.8015,1.8019,1.00,1.00
2010.09.17 01:58:24.892,1.8015,1.8019,2.00,1.00
2010.09.17 01:58:25.713,1.80155,1.8019,1.00,1.00
2010.09.17 01:58:25.946,1.80155,1.8021,1.00,1.00
2010.09.17 01:58:27.225,1.80155,1.802,1.00,1.00
2010.09.17 01:58:29.962,1.80155,1.802,1.00,1.00
2010.09.17 01:58:32.607,1.8015,1.802,2.00,1.00
2010.09.17 01:58:32.855,1.8015,1.802,1.00,1.00
2010.09.17 01:58:32.921,1.8015,1.8019,1.00,1.00
2010.09.17 01:58:33.481,1.80135,1.8019,3.60,1.00
2010.09.17 01:58:33.540,1.80135,1.8018,2.00,1.00
2010.09.17 01:58:44.658,1.80135,1.8019,2.00,1.00
2010.09.17 01:58:50.623,1.80135,1.8019,2.00,1.00
2010.09.17 01:59:10.183,1.8014,1.802,2.00,1.00
2010.09.17 01:59:12.843,1.8013,1.802,1.30,1.00
2010.09.17 01:59:13.560,1.80125,1.80195,1.30,3.20
2010.09.17 01:59:13.780,1.80125,1.8019,1.30,1.00
2010.09.17 01:59:15.041,1.80125,1.8018,1.30,1.00
2010.09.17 01:59:21.388,1.80115,1.8018,2.00,1.00
2010.09.17 01:59:21.688,1.80115,1.8018,1.30,1.00
2010.09.17 01:59:22.501,1.80115,1.8017,1.30,1.00
2010.09.17 01:59:29.154,1.8011,1.8017,1.30,1.00
2010.09.17 01:59:38.041,1.8011,1.8017,1.30,1.00
2010.09.17 01:59:38.725,1.8011,1.8015,1.30,1.00
2010.09.17 01:59:38.929,1.8011,1.8016,1.30,1.00
2010.09.17 01:59:39.544,1.80095,1.8016,1.30,1.00
2010.09.17 01:59:39.890,1.801,1.8016,1.30,1.00
2010.09.17 01:59:45.759,1.801,1.8017,2.00,1.60
2010.09.17 01:59:45.920,1.801,1.8017,2.00,1.00
2010.09.17 01:59:46.078,1.8011,1.8017,1.30,1.00
2010.09.17 01:59:47.659,1.80115,1.8017,1.30,1.00
2010.09.17 01:59:48.433,1.80115,1.8018,1.30,1.00
2010.09.17 01:59:50.136,1.8011,1.8018,2.00,1.00
2010.09.17 01:59:50.466,1.8011,1.8017,1.30,1.00
