2014.04.10 01:00:00.123,1.58657,1.58684,1.00,1.19
2014.04.10 01:00:00.617,1.58654,1.58684,1.00,1.19
2014.04.10 01:00:00.668,1.58654,1.58685,1.19,1.00
2014.04.10 01:00:00.718,1.58659,1.58689,1.00,1.00
2014.04.10 01:00:01.021,1.58661,1.5869,1.00,1.00
2014.04.10 01:00:01.566,1.58661,1.58695,1.00,1.19
2014.04.10 01:00:01.818,1.58661,1.58695,1.19,1.00
2014.04.10 01:00:02.022,1.58661,1.58692,1.00,1.19
2014.04.10 01:00:02.553,1.58661,1.58691,1.00,1.19
2014.04.10 01:00:03.539,1.58661,1.58691,1.00,1.19
2014.04.10 01:00:03.691,1.58655,1.58691,1.19,1.19
2014.04.10 01:00:04.589,1.58655,1.58687,1.19,1.19
2014.04.10 01:00:05.578,1.58655,1.58686,1.25,1.19
2014.04.10 01:00:06.252,1.58655,1.58686,1.19,1.19
2014.04.10 01:00:07.569,1.58655,1.58686,1.19,1.19
2014.04.10 01:00:08.569,1.58655,1.58685,1.19,1.19
2014.04.10 01:00:09.588,1.58655,1.58687,1.19,1.19
2014.04.10 01:00:10.549,1.58655,1.58688,1.19,1.19
2014.04.10 01:00:11.555,1.58655,1.58686,1.25,1.19
2014.04.10 01:00:12.385,1.58655,1.58688,1.19,1.19
2014.04.10 01:00:13.569,1.58655,1.58685,1.25,1.19
2014.04.10 01:00:14.893,1.58656,1.58685,1.00,1.19
2014.04.10 01:00:15.992,1.58649,1.5868,1.19,1.00
2014.04.10 01:00:16.295,1.58647,1.58676,1.57,1.19
2014.04.10 01:00:17.294,1.58647,1.58676,1.57,1.19
2014.04.10 01:00:21.423,1.58647,1.58675,1.63,1.19
2014.04.10 01:00:22.413,1.58647,1.58675,1.57,1.19
2014.04.10 01:00:23.634,1.58647,1.58674,1.38,1.19
2014.04.10 01:00:24.904,1.58656,1.58674,1.00,1.19
2014.04.10 01:00:25.158,1.58649,1.58674,1.00,1.19
2014.04.10 01:00:25.259,1.58646,1.58674,1.19,1.19
2014.04.10 01:00:25.360,1.58641,1.5867,1.19,1.00
2014.04.10 01:00:25.461,1.58637,1.58667,1.00,1.19
2014.04.10 01:00:25.513,1.58633,1.58667,1.00,1.19
2014.04.10 01:00:25.591,1.58633,1.58668,1.19,1.19
2014.04.10 01:00:26.656,1.5863,1.58664,1.69,1.19
2014.04.10 01:00:27.627,1.5863,1.58661,1.69,1.19
2014.04.10 01:00:30.341,1.5863,1.58661,1.69,1.19
2014.04.10 01:00:31.368,1.58628,1.58658,1.19,1.19
2014.04.10 01:00:32.330,1.58628,1.5866,1.19,1.19
2014.04.10 01:00:33.339,1.58628,1.58661,1.19,1.19
2014.04.10 01:00:34.341,1.58628,1.58662,1.69,1.19
2014.04.10 01:00:36.359,1.58633,1.58663,1.19,1.19
2014.04.10 01:00:37.362,1.58633,1.58665,1.19,1.19
2014.04.10 01:00:38.371,1.58633,1.58661,1.00,1.19
2014.04.10 01:00:39.375,1.58633,1.58663,1.25,1.19
2014.04.10 01:00:39.693,1.58637,1.58663,1.00,1.19
2014.04.10 01:00:40.379,1.58637,1.58664,1.25,1.19
2014.04.10 01:00:41.277,1.58637,1.58663,1.00,1.19
2014.04.10 01:00:42.375,1.58637,1.5866,1.00,1.19
2014.04.10 01:00:42.475,1.58637,1.58661,1.00,1.19
2014.04.10 01:00:42.833,1.58629,1.58661,1.57,1.19
2014.04.10 01:00:44.082,1.58627,1.58661,1.19,1.19
2014.04.10 01:00:45.238,1.58627,1.58658,1.19,1.19
2014.04.10 01:00:46.226,1.58627,1.58661,1.19,1.19
2014.04.10 01:00:47.203,1.58627,1.58659,1.19,1.19
2014.04.10 01:00:48.208,1.58627,1.5866,1.19,1.19
2014.04.10 01:00:49.216,1.58627,1.58661,1.19,1.19
2014.04.10 01:00:51.209,1.58627,1.58662,1.19,1.19
2014.04.10 01:00:54.455,1.58627,1.58657,1.19,1.19
2014.04.10 01:00:55.437,1.58626,1.58659,1.19,1.19
2014.04.10 01:00:56.545,1.58628,1.58658,1.19,1.19
2014.04.10 01:00:57.450,1.58628,1.58661,1.19,1.19
2014.04.10 01:00:58.456,1.5863,1.58664,1.19,1.19
2014.04.10 01:00:59.528,1.58631,1.58664,1.19,1.19
2014.04.10 01:01:01.394,1.58631,1.58658,1.19,1.00
2014.04.10 01:01:01.445,1.58627,1.58658,1.19,1.25
2014.04.10 01:01:01.496,1.58627,1.58655,1.19,1.50
2014.04.10 01:01:01.815,1.58627,1.58652,1.19,1.00
2014.04.10 01:01:02.448,1.58627,1.58652,1.00,1.25
2014.04.10 01:01:03.758,1.58627,1.58652,1.19,1.00
2014.04.10 01:01:04.766,1.58627,1.58652,1.00,1.19
2014.04.10 01:01:05.771,1.58627,1.58652,1.00,1.00
2014.04.10 01:01:05.981,1.58627,1.5865,1.00,1.00
2014.04.10 01:01:09.945,1.58627,1.58652,1.25,1.50
2014.04.10 01:01:12.786,1.58627,1.58652,1.00,1.19
2014.04.10 01:01:14.795,1.58627,1.58652,1.00,1.25
2014.04.10 01:01:15.803,1.58627,1.58652,1.00,1.19
2014.04.10 01:01:17.813,1.58627,1.58652,1.00,1.25
2014.04.10 01:01:22.647,1.58627,1.58657,1.19,1.19
2014.04.10 01:01:23.613,1.58627,1.58659,1.19,1.69
2014.04.10 01:01:24.559,1.58627,1.58659,1.19,1.19
2014.04.10 01:01:25.537,1.58627,1.58658,1.25,1.19
2014.04.10 01:01:27.595,1.58627,1.58656,1.19,1.19
2014.04.10 01:01:28.542,1.58627,1.58656,1.19,1.19
2014.04.10 01:01:29.121,1.58627,1.5865,1.19,1.00
2014.04.10 01:01:29.650,1.58627,1.58646,1.19,1.00
2014.04.10 01:01:30.869,1.58627,1.58646,1.00,1.00
2014.04.10 01:01:31.076,1.58627,1.58648,1.00,1.00
2014.04.10 01:01:31.134,1.58627,1.5865,1.00,1.00
2014.04.10 01:01:33.312,1.58619,1.5865,1.19,1.00
2014.04.10 01:01:33.424,1.58627,1.5865,1.00,1.00
2014.04.10 01:01:48.444,1.5862,1.5865,1.19,1.25
2014.04.10 01:01:55.774,1.58618,1.5865,1.19,1.00
2014.04.10 01:01:56.749,1.58618,1.5865,1.19,1.25
2014.04.10 01:01:58.154,1.5862,1.5865,1.19,1.00
2014.04.10 01:02:02.183,1.58622,1.5865,1.19,1.00
2014.04.10 01:02:03.489,1.5862,1.5865,1.19,1.00
2014.04.10 01:02:04.770,1.58627,1.5865,1.00,1.00
2014.04.10 01:02:05.502,1.58627,1.5865,1.19,1.00
2014.04.10 01:02:06.508,1.58627,1.5865,1.00,1.00
2014.04.10 01:02:09.577,1.58623,1.5865,1.19,1.00
2014.04.10 01:02:10.583,1.58621,1.5865,1.19,1.00
2014.04.10 01:02:11.590,1.58622,1.5865,1.19,1.00
2014.04.10 01:02:13.600,1.5862,1.5865,1.19,1.00
2014.04.10 01:02:17.828,1.58626,1.5865,1.19,1.00
2014.04.10 01:02:18.773,1.58626,1.58655,1.19,1.19
2014.04.10 01:02:19.823,1.58626,1.58655,1.19,1.25
2014.04.10 01:02:22.228,1.58626,1.58649,1.19,1.00
2014.04.10 01:02:22.848,1.58626,1.58649,1.00,1.00
2014.04.10 01:02:25.802,1.58618,1.58649,1.19,1.00
2014.04.10 01:02:26.865,1.58619,1.58649,1.19,1.00
2014.04.10 01:02:28.860,1.58618,1.58649,1.19,2.25
2014.04.10 01:02:30.883,1.58616,1.58649,1.19,2.44
2014.04.10 01:02:30.984,1.58616,1.58643,1.19,1.00
2014.04.10 01:02:31.890,1.58618,1.58643,1.19,1.00
2014.04.10 01:02:32.896,1.58616,1.58643,1.19,1.00
2014.04.10 01:02:36.885,1.58617,1.58643,1.69,1.00
2014.04.10 01:02:38.192,1.58617,1.58642,1.19,1.00
2014.04.10 01:02:38.343,1.58607,1.58642,2.07,1.19
2014.04.10 01:02:39.351,1.58607,1.58641,2.07,1.19
2014.04.10 01:02:42.223,1.58608,1.58642,1.57,1.69
2014.04.10 01:02:43.373,1.58608,1.58642,1.57,1.19
2014.04.10 01:02:44.744,1.58607,1.58642,1.57,1.69
2014.04.10 01:02:45.253,1.58607,1.58637,1.57,1.50
2014.04.10 01:02:45.602,1.58606,1.58634,1.19,1.00
2014.04.10 01:02:45.922,1.58605,1.58632,1.32,1.00
2014.04.10 01:02:46.412,1.58605,1.58626,1.19,1.00
2014.04.10 01:02:46.733,1.58601,1.58626,1.19,1.00
2014.04.10 01:02:47.738,1.58597,1.58626,1.69,1.00
2014.04.10 01:02:49.748,1.58599,1.58626,1.19,1.00
2014.04.10 01:02:51.797,1.58597,1.58626,1.19,1.00
2014.04.10 01:02:51.848,1.58597,1.58623,1.19,1.00
2014.04.10 01:02:52.151,1.58607,1.5862,1.00,1.00
2014.04.10 01:02:52.354,1.58596,1.5862,1.19,1.00
2014.04.10 01:02:52.455,1.58596,1.5862,1.00,1.19
2014.04.10 01:02:53.302,1.58607,1.5862,1.00,1.19
2014.04.10 01:02:53.452,1.58607,1.5862,1.00,1.00
2014.04.10 01:02:53.673,1.58596,1.5862,1.25,1.00
2014.04.10 01:02:54.763,1.58596,1.5862,1.19,1.00
2014.04.10 01:02:55.308,1.58596,1.58614,1.19,1.00
2014.04.10 01:02:56.783,1.58593,1.58614,1.19,1.00
2014.04.10 01:02:57.787,1.58592,1.58614,1.19,1.00
2014.04.10 01:02:59.071,1.58593,1.58614,1.19,1.00
2014.04.10 01:03:01.390,1.58595,1.58614,1.19,1.00
2014.04.10 01:03:02.298,1.58594,1.58614,1.19,1.00
2014.04.10 01:03:03.408,1.5859,1.58614,1.19,1.00
2014.04.10 01:03:05.626,1.58593,1.58614,1.19,1.00
2014.04.10 01:03:06.819,1.58596,1.58614,1.19,1.00
2014.04.10 01:03:07.683,1.58591,1.58614,1.19,1.00
2014.04.10 01:03:09.732,1.58592,1.58614,1.19,1.00
2014.04.10 01:03:12.822,1.58591,1.58614,1.19,1.00
2014.04.10 01:03:13.826,1.58597,1.58614,1.69,1.00
2014.04.10 01:03:14.832,1.58597,1.58614,1.25,1.00
2014.04.10 01:03:15.842,1.58597,1.58614,1.19,1.00
2014.04.10 01:03:17.851,1.58597,1.58614,1.25,1.00
2014.04.10 01:03:18.450,1.58597,1.58614,1.19,1.00
2014.04.10 01:03:19.774,1.58597,1.58614,1.00,1.00
2014.04.10 01:03:32.649,1.58597,1.58619,1.00,1.57
2014.04.10 01:03:32.909,1.58597,1.5862,1.00,1.57
2014.04.10 01:03:33.915,1.58597,1.5862,1.00,1.25
2014.04.10 01:03:34.905,1.58597,1.5862,1.00,1.19
2014.04.10 01:03:36.513,1.58597,1.58615,1.00,1.00
2014.04.10 01:03:36.779,1.58589,1.58615,1.19,1.00
2014.04.10 01:03:37.532,1.58587,1.58615,1.25,1.19
2014.04.10 01:03:40.535,1.58587,1.58615,1.19,1.25
2014.04.10 01:03:40.880,1.58596,1.58615,1.00,1.25
2014.04.10 01:03:41.033,1.58596,1.58619,1.19,1.00
2014.04.10 01:03:41.134,1.58596,1.58624,1.19,1.25
2014.04.10 01:03:41.437,1.58596,1.5862,1.19,1.00
2014.04.10 01:03:41.974,1.58596,1.58625,1.32,1.19
2014.04.10 01:03:42.024,1.58596,1.58623,1.13,1.19
2014.04.10 01:03:43.190,1.58596,1.58615,1.00,1.00
2014.04.10 01:03:46.040,1.58587,1.58615,1.32,1.00
2014.04.10 01:03:46.242,1.58586,1.58615,1.19,1.00
2014.04.10 01:03:47.241,1.58586,1.58615,1.19,1.25
2014.04.10 01:03:49.229,1.58586,1.58615,1.19,1.00
2014.04.10 01:03:50.236,1.58586,1.58615,1.19,1.19
2014.04.10 01:03:51.101,1.58597,1.58615,1.00,1.19
2014.04.10 01:03:51.850,1.58597,1.58615,1.00,1.00
2014.04.10 01:03:52.309,1.58587,1.58615,1.19,1.00
2014.04.10 01:03:53.854,1.58587,1.58615,1.19,1.19
2014.04.10 01:03:54.892,1.58587,1.58615,1.19,1.00
2014.04.10 01:03:56.878,1.58587,1.58615,1.25,1.19
2014.04.10 01:03:58.013,1.58587,1.58615,1.00,1.19
2014.04.10 01:03:59.002,1.58587,1.58615,1.25,1.19
2014.04.10 01:04:00.869,1.58587,1.58615,1.00,1.19
2014.04.10 01:04:01.876,1.58587,1.58615,1.19,1.19
2014.04.10 01:04:02.690,1.5859,1.58615,1.19,1.00
2014.04.10 01:04:03.787,1.58587,1.58615,1.69,1.00
2014.04.10 01:04:04.893,1.58587,1.58615,1.19,1.25
2014.04.10 01:04:05.940,1.58587,1.58615,1.19,1.19
2014.04.10 01:04:08.915,1.58587,1.58615,1.19,1.00
2014.04.10 01:04:10.275,1.58587,1.58615,1.19,1.25
2014.04.10 01:04:10.979,1.58587,1.58615,1.19,1.19
2014.04.10 01:04:12.987,1.58587,1.58615,1.19,1.00
2014.04.10 01:04:15.043,1.58587,1.58615,1.25,1.19
2014.04.10 01:04:17.010,1.58587,1.58615,1.19,1.25
2014.04.10 01:04:18.016,1.58587,1.58615,1.19,1.19
2014.04.10 01:04:18.718,1.58587,1.58615,1.25,1.19
2014.04.10 01:04:19.822,1.58587,1.58615,1.19,1.25
2014.04.10 01:04:20.826,1.58587,1.58615,1.19,1.19
2014.04.10 01:04:22.921,1.58607,1.58617,1.00,1.19
2014.04.10 01:04:22.971,1.58607,1.58625,1.00,1.00
2014.04.10 01:04:23.072,1.58607,1.58626,1.19,1.00
2014.04.10 01:04:23.274,1.58596,1.58626,1.19,1.00
2014.04.10 01:04:23.549,1.58607,1.58626,1.00,1.00
2014.04.10 01:04:25.450,1.58607,1.58632,1.00,1.19
2014.04.10 01:04:30.081,1.58607,1.58632,1.00,1.19
2014.04.10 01:04:31.143,1.58598,1.58627,1.19,1.00
2014.04.10 01:04:32.078,1.58597,1.58627,1.00,1.69
2014.04.10 01:04:33.064,1.58597,1.58627,1.25,1.69
2014.04.10 01:04:38.171,1.58597,1.58625,1.25,1.19
2014.04.10 01:04:42.194,1.58597,1.58626,1.00,1.19
2014.04.10 01:04:45.012,1.58597,1.58626,1.25,1.19
2014.04.10 01:04:47.016,1.58597,1.58627,1.00,1.19
2014.04.10 01:04:48.514,1.58597,1.58623,1.00,1.19
2014.04.10 01:04:50.082,1.58607,1.58623,1.00,1.19
2014.04.10 01:04:50.519,1.58597,1.58625,1.00,1.19
2014.04.10 01:04:50.620,1.58597,1.58627,1.19,1.69
2014.04.10 01:04:52.621,1.58597,1.58627,1.19,1.69
2014.04.10 01:04:53.626,1.58597,1.58627,1.19,1.69
2014.04.10 01:04:54.128,1.58607,1.58627,1.00,1.69
2014.04.10 01:04:54.700,1.58607,1.58627,1.00,1.69
2014.04.10 01:04:55.669,1.58607,1.58627,1.00,1.69
2014.04.10 01:04:56.922,1.58607,1.58627,1.00,1.69
2014.04.10 01:04:57.628,1.58607,1.58627,1.00,1.69
2014.04.10 01:04:58.637,1.58607,1.58627,1.00,1.69
2014.04.10 01:04:59.696,1.58607,1.58627,1.00,1.19
2014.04.10 01:05:00.667,1.58607,1.58632,1.00,1.19
2014.04.10 01:05:01.876,1.58607,1.5863,1.00,1.19
2014.04.10 01:05:05.901,1.58607,1.58632,1.00,1.19
2014.04.10 01:05:06.934,1.58607,1.58636,1.00,1.19
2014.04.10 01:05:07.900,1.58607,1.58635,1.00,1.19
2014.04.10 01:05:08.699,1.58608,1.58635,1.00,1.19
2014.04.10 01:05:08.851,1.5861,1.58643,1.19,1.19
2014.04.10 01:05:10.046,1.58607,1.58639,1.19,1.69
2014.04.10 01:05:11.072,1.58607,1.58637,1.25,1.19
2014.04.10 01:05:13.199,1.58607,1.58634,1.00,1.19
2014.04.10 01:05:14.466,1.58607,1.58638,1.00,1.19
2014.04.10 01:05:17.486,1.58607,1.58638,1.25,1.19
2014.04.10 01:05:22.187,1.58607,1.58635,1.19,1.19
2014.04.10 01:05:23.280,1.58607,1.58635,1.19,1.25
2014.04.10 01:05:24.284,1.58607,1.58635,1.19,1.19
2014.04.10 01:05:25.906,1.58607,1.58635,1.00,1.19
2014.04.10 01:05:27.007,1.58607,1.58634,1.00,1.19
2014.04.10 01:05:30.117,1.58607,1.5863,1.00,1.19
2014.04.10 01:05:31.150,1.58607,1.58631,1.00,1.19
2014.04.10 01:05:33.121,1.58607,1.5863,1.00,1.19
2014.04.10 01:05:33.289,1.58597,1.5863,1.19,1.19
2014.04.10 01:05:33.828,1.58607,1.5863,1.00,1.19
2014.04.10 01:05:34.192,1.58597,1.58628,1.19,1.69
2014.04.10 01:05:34.243,1.58597,1.58626,1.25,1.19
2014.04.10 01:05:35.243,1.58597,1.58625,1.00,1.32
2014.04.10 01:05:37.289,1.58597,1.58625,1.00,1.32
2014.04.10 01:05:38.271,1.58597,1.58628,1.69,1.69
2014.04.10 01:05:39.268,1.58598,1.58628,1.19,2.07
2014.04.10 01:05:40.349,1.58598,1.58627,1.19,1.00
2014.04.10 01:05:41.461,1.58599,1.58627,1.19,1.00
2014.04.10 01:05:44.473,1.58598,1.58627,1.19,1.00
2014.04.10 01:05:45.577,1.58598,1.58628,1.19,1.00
2014.04.10 01:05:46.485,1.58597,1.58628,1.69,1.00
2014.04.10 01:05:46.821,1.58606,1.58635,1.00,1.19
2014.04.10 01:05:47.520,1.58606,1.58639,1.19,1.19
2014.04.10 01:05:48.499,1.58606,1.5864,1.19,2.25
2014.04.10 01:05:52.496,1.58606,1.58637,1.19,1.19
2014.04.10 01:05:53.543,1.58606,1.58638,1.19,1.19
2014.04.10 01:05:54.516,1.58606,1.58638,1.19,1.19
2014.04.10 01:05:55.532,1.58606,1.58639,1.25,1.19
2014.04.10 01:05:56.562,1.58606,1.58637,1.19,1.19
2014.04.10 01:05:57.553,1.58606,1.58635,1.25,1.19
2014.04.10 01:05:58.542,1.58606,1.58633,1.00,1.19
2014.04.10 01:05:59.153,1.58606,1.58634,1.00,1.19
2014.04.10 01:05:59.690,1.58606,1.58628,1.00,1.00
2014.04.10 01:06:03.528,1.58597,1.58628,1.69,1.00
2014.04.10 01:06:04.533,1.58602,1.58628,1.19,1.00
2014.04.10 01:06:05.578,1.58599,1.58628,1.19,1.00
2014.04.10 01:06:05.629,1.58606,1.58628,1.00,1.00
2014.04.10 01:06:06.278,1.58599,1.58628,1.19,1.00
2014.04.10 01:06:06.588,1.58601,1.58628,1.19,1.00
2014.04.10 01:06:07.555,1.58599,1.58628,1.19,1.00
2014.04.10 01:06:09.557,1.58601,1.58628,1.19,1.00
2014.04.10 01:06:14.156,1.586,1.58628,1.19,1.00
2014.04.10 01:06:15.862,1.58607,1.58628,1.00,1.00
2014.04.10 01:06:16.115,1.58607,1.5864,1.69,1.50
2014.04.10 01:06:17.080,1.5861,1.5864,1.19,1.00
2014.04.10 01:06:18.088,1.58609,1.5864,1.19,1.00
2014.04.10 01:06:19.093,1.58607,1.5864,1.19,1.19
2014.04.10 01:06:20.099,1.58607,1.5864,1.19,1.19
2014.04.10 01:06:21.022,1.58606,1.5864,1.69,1.19
2014.04.10 01:06:25.529,1.58607,1.5864,1.19,1.19
2014.04.10 01:06:26.560,1.58609,1.5864,1.19,1.19
2014.04.10 01:06:27.688,1.58608,1.5864,1.19,1.25
2014.04.10 01:06:28.651,1.58608,1.5864,1.19,1.00
2014.04.10 01:06:29.670,1.58608,1.5864,1.19,1.19
2014.04.10 01:06:30.662,1.58607,1.5864,1.19,1.19
2014.04.10 01:06:32.673,1.58609,1.5864,1.19,1.19
2014.04.10 01:06:37.662,1.58608,1.5864,1.19,1.19
2014.04.10 01:06:38.667,1.58606,1.5864,1.69,1.19
2014.04.10 01:06:39.222,1.58617,1.58643,1.00,1.19
2014.04.10 01:06:39.523,1.58606,1.58643,1.69,1.19
2014.04.10 01:06:39.680,1.58609,1.58644,1.19,1.19
2014.04.10 01:06:40.686,1.58607,1.58643,1.19,1.19
2014.04.10 01:06:41.836,1.58608,1.58643,1.19,1.19
2014.04.10 01:06:42.937,1.58611,1.58642,1.19,1.00
2014.04.10 01:06:43.449,1.58617,1.58642,1.00,1.00
2014.04.10 01:06:45.139,1.58617,1.5864,1.00,1.00
2014.04.10 01:06:45.368,1.58617,1.58642,1.00,1.25
2014.04.10 01:06:45.930,1.58617,1.58645,1.25,1.19
2014.04.10 01:06:47.910,1.58617,1.58645,1.00,1.19
2014.04.10 01:06:49.150,1.58617,1.58645,1.00,1.19
2014.04.10 01:06:50.129,1.58617,1.58645,1.00,1.19
2014.04.10 01:06:51.650,1.58617,1.58645,1.00,1.19
2014.04.10 01:06:52.597,1.58611,1.58642,1.19,1.19
2014.04.10 01:06:53.365,1.58616,1.58642,1.00,1.19
2014.04.10 01:06:53.949,1.58616,1.58642,1.00,1.19
2014.04.10 01:06:56.957,1.58616,1.58642,1.00,1.69
2014.04.10 01:06:57.952,1.58616,1.58641,1.00,1.19
2014.04.10 01:07:01.008,1.58616,1.58639,1.00,1.19
2014.04.10 01:07:02.057,1.58607,1.58639,1.19,1.19
2014.04.10 01:07:02.170,1.5861,1.58642,1.19,1.25
2014.04.10 01:07:03.175,1.58607,1.58642,1.19,1.19
2014.04.10 01:07:04.037,1.58616,1.58642,1.00,1.19
2014.04.10 01:07:04.590,1.58616,1.58641,1.00,1.19
2014.04.10 01:07:04.698,1.58606,1.58641,1.19,1.19
2014.04.10 01:07:04.807,1.58617,1.58641,1.00,1.19
2014.04.10 01:07:05.378,1.58606,1.58641,1.19,1.19
2014.04.10 01:07:05.541,1.58608,1.58642,1.19,1.19
2014.04.10 01:07:05.909,1.58617,1.58642,1.00,1.19
2014.04.10 01:07:06.485,1.58617,1.58642,1.00,1.19
2014.04.10 01:07:07.787,1.58617,1.58641,1.00,1.19
2014.04.10 01:07:08.547,1.58607,1.58641,1.19,1.19
2014.04.10 01:07:08.699,1.58617,1.58641,1.00,1.19
2014.04.10 01:07:08.795,1.58617,1.58642,1.00,1.19
2014.04.10 01:07:11.520,1.58607,1.58639,1.69,1.00
2014.04.10 01:07:12.098,1.58607,1.58639,1.19,1.19
2014.04.10 01:07:12.926,1.58607,1.58639,1.69,1.00
2014.04.10 01:07:14.873,1.58607,1.58639,1.69,1.00
2014.04.10 01:07:16.853,1.58607,1.58639,1.19,1.69
2014.04.10 01:07:17.464,1.58616,1.58639,1.00,1.69
2014.04.10 01:07:17.844,1.58616,1.58639,1.00,1.19
2014.04.10 01:07:19.826,1.58616,1.58639,1.00,1.19
2014.04.10 01:07:19.989,1.58607,1.58639,1.19,1.19
2014.04.10 01:07:21.838,1.58607,1.58639,1.19,1.19
2014.04.10 01:07:22.846,1.58607,1.58639,1.25,1.19
2014.04.10 01:07:23.850,1.58607,1.58639,1.25,1.19
2014.04.10 01:07:26.871,1.58607,1.58639,1.00,1.19
2014.04.10 01:07:27.863,1.58607,1.58639,1.19,1.00
2014.04.10 01:07:28.869,1.58608,1.58639,1.19,1.00
2014.04.10 01:07:29.873,1.58607,1.58639,1.19,1.00
2014.04.10 01:07:30.881,1.58607,1.58639,1.19,1.25
2014.04.10 01:07:31.886,1.58607,1.58639,1.19,1.00
2014.04.10 01:07:32.892,1.58607,1.58639,1.19,1.69
2014.04.10 01:07:33.896,1.58607,1.58639,1.19,1.69
2014.04.10 01:07:34.902,1.58607,1.58639,1.19,1.69
2014.04.10 01:07:37.917,1.58607,1.58639,1.25,2.44
2014.04.10 01:07:39.900,1.58607,1.58638,1.19,1.19
2014.04.10 01:07:42.126,1.58617,1.58639,1.00,1.00
2014.04.10 01:07:42.228,1.58617,1.58644,1.19,1.00
2014.04.10 01:07:42.341,1.58617,1.58646,1.19,1.50
2014.04.10 01:07:42.810,1.58617,1.58651,1.19,1.25
2014.04.10 01:07:43.316,1.58626,1.58651,1.00,1.25
2014.04.10 01:07:44.957,1.58626,1.58651,1.00,1.19
2014.04.10 01:07:45.950,1.58626,1.58651,1.19,1.00
2014.04.10 01:07:46.107,1.58626,1.58658,1.19,1.57
2014.04.10 01:07:46.642,1.58626,1.58658,1.19,1.19
2014.04.10 01:07:47.439,1.58627,1.58658,1.19,1.00
2014.04.10 01:07:49.472,1.58627,1.58658,1.19,1.19
2014.04.10 01:07:50.480,1.58627,1.58658,1.19,1.25
2014.04.10 01:07:53.425,1.58627,1.58658,1.19,1.19
2014.04.10 01:07:54.429,1.58627,1.58658,1.19,1.19
2014.04.10 01:07:55.475,1.58627,1.58658,1.19,1.19
2014.04.10 01:07:57.948,1.58627,1.58658,1.25,1.19
2014.04.10 01:07:58.179,1.58627,1.5865,1.00,1.19
2014.04.10 01:07:59.253,1.58627,1.58649,1.00,1.19
2014.04.10 01:08:01.264,1.58627,1.58648,1.00,1.19
2014.04.10 01:08:03.273,1.58627,1.58648,1.00,1.19
2014.04.10 01:08:08.071,1.58627,1.58644,1.00,1.19
2014.04.10 01:08:14.886,1.58636,1.58644,1.00,1.19
2014.04.10 01:08:14.936,1.58637,1.58652,1.00,1.00
2014.04.10 01:08:15.037,1.58637,1.58652,1.00,1.19
2014.04.10 01:08:15.139,1.58627,1.58652,1.00,1.19
2014.04.10 01:08:16.022,1.58627,1.58647,1.00,1.19
2014.04.10 01:08:17.111,1.58627,1.58648,1.00,1.19
2014.04.10 01:08:18.119,1.58627,1.58647,1.00,1.19
2014.04.10 01:08:20.097,1.58627,1.58647,1.00,1.19
2014.04.10 01:08:21.102,1.58627,1.58646,1.00,1.19
2014.04.10 01:08:22.109,1.58627,1.58647,1.00,1.19
2014.04.10 01:08:23.114,1.58627,1.58644,1.00,1.19
2014.04.10 01:08:24.860,1.58627,1.58652,1.00,1.19
2014.04.10 01:08:25.936,1.58627,1.58656,1.00,1.19
2014.04.10 01:08:28.975,1.58627,1.58653,1.00,1.25
2014.04.10 01:08:29.447,1.58637,1.58658,1.00,1.19
2014.04.10 01:08:29.602,1.58637,1.58663,1.00,1.19
2014.04.10 01:08:32.951,1.58637,1.58664,1.25,1.19
2014.04.10 01:08:34.306,1.58632,1.58659,1.19,1.00
2014.04.10 01:08:34.407,1.58632,1.58662,1.19,1.69
2014.04.10 01:08:34.971,1.58636,1.58663,1.25,1.19
2014.04.10 01:08:35.424,1.5863,1.58659,1.19,1.00
2014.04.10 01:08:35.617,1.5863,1.58663,1.19,1.19
2014.04.10 01:08:35.919,1.58637,1.58663,1.69,1.00
2014.04.10 01:08:35.970,1.58637,1.58672,1.69,1.19
2014.04.10 01:08:36.355,1.58637,1.58663,1.19,1.38
2014.04.10 01:08:36.457,1.58627,1.5864,1.00,1.00
2014.04.10 01:08:36.508,1.58617,1.5864,2.22,1.00
2014.04.10 01:08:36.559,1.58626,1.5864,1.00,1.00
2014.04.10 01:08:36.610,1.58626,1.58652,1.00,1.64
2014.04.10 01:08:36.661,1.58626,1.58652,1.00,1.27
2014.04.10 01:08:36.712,1.58626,1.58655,1.00,1.08
2014.04.10 01:08:36.813,1.58627,1.5866,1.19,1.32
2014.04.10 01:08:37.910,1.58629,1.58663,1.19,1.19
2014.04.10 01:08:38.922,1.58627,1.58666,1.19,1.39
2014.04.10 01:08:43.551,1.58626,1.58667,3.19,1.49
2014.04.10 01:08:45.524,1.58626,1.58668,2.44,1.47
2014.04.10 01:08:47.547,1.58626,1.58669,3.19,2.22
2014.04.10 01:08:48.557,1.58626,1.58666,1.69,1.19
2014.04.10 01:08:49.531,1.58626,1.58665,1.19,1.19
2014.04.10 01:08:50.540,1.58627,1.58664,1.19,1.19
2014.04.10 01:08:51.656,1.58624,1.58659,1.19,1.19
2014.04.10 01:08:52.415,1.58624,1.58652,1.19,1.00
2014.04.10 01:08:52.466,1.58617,1.58651,1.19,1.19
2014.04.10 01:08:53.686,1.58617,1.58652,1.19,1.69
2014.04.10 01:08:55.635,1.58615,1.58652,1.19,1.69
2014.04.10 01:08:58.651,1.58617,1.58652,1.19,1.19
2014.04.10 01:08:59.656,1.58617,1.58652,1.19,1.19
2014.04.10 01:09:01.670,1.58617,1.5865,1.19,1.25
2014.04.10 01:09:02.576,1.58617,1.5865,1.19,1.19
2014.04.10 01:09:04.589,1.58617,1.5865,1.19,1.19
2014.04.10 01:09:05.655,1.58617,1.5865,1.19,1.69
2014.04.10 01:09:06.660,1.58617,1.58649,1.19,1.19
2014.04.10 01:09:07.674,1.58617,1.58649,1.25,1.19
2014.04.10 01:09:09.576,1.58617,1.58647,1.19,1.19
2014.04.10 01:09:10.581,1.58617,1.58649,1.19,1.19
2014.04.10 01:09:11.086,1.58617,1.58649,1.00,1.19
2014.04.10 01:09:11.917,1.58609,1.58649,1.69,1.19
2014.04.10 01:09:12.127,1.58609,1.58646,1.19,1.19
2014.04.10 01:09:13.000,1.58616,1.58646,1.00,1.19
2014.04.10 01:09:13.152,1.58616,1.5865,1.69,1.19
2014.04.10 01:09:14.111,1.58616,1.5865,1.19,1.19
2014.04.10 01:09:16.204,1.58617,1.58654,1.69,1.19
2014.04.10 01:09:17.206,1.58617,1.58655,2.44,1.19
2014.04.10 01:09:18.112,1.58616,1.58653,1.19,1.19
2014.04.10 01:09:19.124,1.58615,1.58653,1.19,1.19
2014.04.10 01:09:21.134,1.58614,1.58651,1.19,1.19
2014.04.10 01:09:22.139,1.58614,1.58651,1.19,1.19
2014.04.10 01:09:23.144,1.58612,1.58652,1.19,1.19
2014.04.10 01:09:24.150,1.58612,1.58651,1.19,1.19
2014.04.10 01:09:25.225,1.58615,1.58653,1.19,1.19
2014.04.10 01:09:26.229,1.58617,1.58655,1.19,1.19
2014.04.10 01:09:27.241,1.58618,1.58653,1.19,1.19
2014.04.10 01:09:28.239,1.58619,1.58656,1.19,1.69
2014.04.10 01:09:29.765,1.58618,1.58654,1.19,1.19
2014.04.10 01:09:32.924,1.58617,1.58651,1.19,1.19
2014.04.10 01:09:34.932,1.58617,1.58653,1.19,1.19
2014.04.10 01:09:36.441,1.58617,1.58651,1.19,1.19
2014.04.10 01:09:37.445,1.58616,1.58652,1.69,1.19
2014.04.10 01:09:38.451,1.58617,1.58651,1.19,1.19
2014.04.10 01:09:40.499,1.58616,1.58651,1.19,1.19
2014.04.10 01:09:41.883,1.58617,1.58653,1.19,1.19
2014.04.10 01:09:45.871,1.58616,1.58652,1.69,1.19
2014.04.10 01:09:48.885,1.58618,1.58652,1.19,1.19
2014.04.10 01:09:51.625,1.58627,1.58652,1.00,1.19
2014.04.10 01:09:57.024,1.58627,1.58651,1.00,1.19
2014.04.10 01:09:58.669,1.58626,1.58651,1.00,1.19
2014.04.10 01:09:59.413,1.58626,1.58657,1.19,1.19
2014.04.10 01:10:01.229,1.58633,1.58666,1.19,1.50
2014.04.10 01:10:01.568,1.58639,1.58666,1.00,1.50
2014.04.10 01:10:02.328,1.58639,1.58669,1.19,1.75
2014.04.10 01:10:02.828,1.58646,1.58669,1.00,1.75
2014.04.10 01:10:05.579,1.58639,1.5867,1.19,1.75
2014.04.10 01:10:05.630,1.58639,1.58668,1.19,1.63
2014.04.10 01:10:05.781,1.58636,1.58665,1.00,2.07
2014.04.10 01:10:05.933,1.58637,1.58665,1.00,1.69
2014.04.10 01:10:07.005,1.58637,1.58665,1.19,1.00
2014.04.10 01:10:08.400,1.58644,1.58662,1.00,1.00
2014.04.10 01:10:08.551,1.58641,1.58662,1.25,1.00
2014.04.10 01:10:08.746,1.58637,1.58669,1.69,2.25
2014.04.10 01:10:10.101,1.58637,1.58669,2.44,1.25
2014.04.10 01:10:12.217,1.58646,1.58672,1.00,1.19
2014.04.10 01:10:13.119,1.58646,1.58672,1.69,1.25
2014.04.10 01:10:14.041,1.58646,1.58672,1.00,1.19
2014.04.10 01:10:15.149,1.58656,1.58678,1.00,1.19
2014.04.10 01:10:15.365,1.58646,1.58678,1.69,1.19
2014.04.10 01:10:16.415,1.58646,1.58679,1.69,1.19
2014.04.10 01:10:18.225,1.58646,1.5868,1.69,1.19
2014.04.10 01:10:19.261,1.58646,1.58682,1.69,1.19
2014.04.10 01:10:20.338,1.58646,1.58681,1.50,1.19
2014.04.10 01:10:21.189,1.58646,1.58669,1.00,1.00
2014.04.10 01:10:21.725,1.5864,1.58669,1.19,1.00
2014.04.10 01:10:21.959,1.5864,1.58679,1.19,1.00
2014.04.10 01:10:22.161,1.58643,1.58679,1.19,1.19
2014.04.10 01:10:23.182,1.58639,1.5867,1.19,1.00
2014.04.10 01:10:23.283,1.58639,1.58673,1.19,1.25
2014.04.10 01:10:24.181,1.58638,1.58674,1.19,1.69
2014.04.10 01:10:25.217,1.58637,1.5868,1.19,1.69
2014.04.10 01:10:25.318,1.58646,1.5868,1.00,1.69
2014.04.10 01:10:26.448,1.58646,1.58679,1.00,1.19
2014.04.10 01:10:26.825,1.58657,1.58679,1.00,1.19
2014.04.10 01:10:26.942,1.58657,1.58683,1.38,1.00
2014.04.10 01:10:26.993,1.5866,1.5869,1.32,1.00
2014.04.10 01:10:27.145,1.5866,1.58688,1.32,1.00
2014.04.10 01:10:27.297,1.58654,1.58688,1.19,1.69
2014.04.10 01:10:27.998,1.58652,1.58683,1.19,1.00
2014.04.10 01:10:28.397,1.58646,1.5868,1.57,1.19
2014.04.10 01:10:29.375,1.58645,1.58679,1.57,1.19
2014.04.10 01:10:31.580,1.58643,1.58677,1.57,1.19
2014.04.10 01:10:32.586,1.58642,1.58676,1.38,1.19
2014.04.10 01:10:33.594,1.58642,1.58676,1.19,1.19
2014.04.10 01:10:34.649,1.58642,1.58676,1.19,1.19
2014.04.10 01:10:35.639,1.58642,1.58675,1.19,1.19
2014.04.10 01:10:36.630,1.58642,1.58675,1.19,1.19
2014.04.10 01:10:37.516,1.58642,1.58676,1.19,1.69
2014.04.10 01:10:39.603,1.58646,1.58676,1.19,1.25
2014.04.10 01:10:40.609,1.58646,1.58676,1.19,1.19
2014.04.10 01:10:41.615,1.58646,1.58675,1.25,1.19
2014.04.10 01:10:42.625,1.58646,1.58675,1.19,1.19
2014.04.10 01:10:43.634,1.58646,1.58675,1.00,1.19
2014.04.10 01:10:45.306,1.58657,1.58675,1.00,1.19
2014.04.10 01:10:45.457,1.58657,1.58679,1.13,1.00
2014.04.10 01:10:45.508,1.58657,1.58685,1.13,1.19
2014.04.10 01:10:45.659,1.58654,1.58682,1.25,1.25
2014.04.10 01:10:45.861,1.58652,1.58676,1.00,1.19
2014.04.10 01:10:45.911,1.58649,1.58676,1.00,1.19
2014.04.10 01:10:46.012,1.58646,1.58675,1.72,1.19
2014.04.10 01:10:46.861,1.58646,1.58672,1.00,1.19
2014.04.10 01:10:48.214,1.58642,1.58672,2.29,1.19
2014.04.10 01:10:48.929,1.58638,1.58668,1.09,1.19
2014.04.10 01:10:50.719,1.58637,1.58665,1.00,1.19
2014.04.10 01:10:52.490,1.58633,1.58666,1.00,1.19
2014.04.10 01:10:52.781,1.5863,1.58664,1.72,1.19
2014.04.10 01:10:53.461,1.5863,1.58664,1.72,1.19
2014.04.10 01:10:54.782,1.5863,1.58663,1.78,1.19
2014.04.10 01:10:55.814,1.5863,1.58661,1.72,1.19
2014.04.10 01:10:56.756,1.5863,1.58661,1.72,1.19
2014.04.10 01:10:58.259,1.58634,1.5867,1.19,1.19
2014.04.10 01:10:59.751,1.58637,1.58671,1.19,1.19
2014.04.10 01:11:00.792,1.58636,1.58675,1.19,1.19
2014.04.10 01:11:01.763,1.58635,1.58671,1.19,1.19
2014.04.10 01:11:02.269,1.58635,1.58671,1.19,1.19
2014.04.10 01:11:02.869,1.58634,1.58672,1.19,1.19
2014.04.10 01:11:03.472,1.58635,1.58673,1.19,1.19
2014.04.10 01:11:04.780,1.58634,1.58673,1.19,1.19
2014.04.10 01:11:05.785,1.58632,1.58673,1.19,1.19
2014.04.10 01:11:07.796,1.58637,1.58672,1.19,1.19
2014.04.10 01:11:09.783,1.58637,1.58673,1.19,1.19
2014.04.10 01:11:11.789,1.58637,1.58674,1.19,1.19
2014.04.10 01:11:12.803,1.58637,1.58675,1.19,2.44
2014.04.10 01:11:16.320,1.58656,1.58675,1.00,2.44
2014.04.10 01:11:16.522,1.58656,1.58678,1.00,1.19
2014.04.10 01:11:17.561,1.58656,1.5868,1.00,1.19
2014.04.10 01:11:18.434,1.58656,1.58681,1.00,1.19
2014.04.10 01:11:19.383,1.58656,1.58681,1.00,1.19
2014.04.10 01:11:20.714,1.58656,1.58683,1.00,1.19
2014.04.10 01:11:21.540,1.58656,1.58684,1.00,1.19
2014.04.10 01:11:22.533,1.58656,1.58686,1.00,1.19
2014.04.10 01:11:25.552,1.58656,1.58686,1.00,1.69
2014.04.10 01:11:29.293,1.5865,1.58686,1.19,1.69
2014.04.10 01:11:30.453,1.58647,1.58682,1.57,1.19
2014.04.10 01:11:32.285,1.58647,1.58681,2.07,1.19
2014.04.10 01:11:33.303,1.58648,1.58682,1.32,1.19
2014.04.10 01:11:33.404,1.58656,1.58682,1.00,1.19
2014.04.10 01:11:35.325,1.58656,1.58685,1.00,1.19
2014.04.10 01:11:36.284,1.58656,1.58686,1.00,1.19
2014.04.10 01:11:39.345,1.58656,1.58687,1.00,1.69
2014.04.10 01:11:40.335,1.58656,1.58685,1.25,1.19
2014.04.10 01:11:43.306,1.58656,1.58687,1.25,1.69
2014.04.10 01:11:44.026,1.58651,1.58682,1.19,1.00
2014.04.10 01:11:44.296,1.58647,1.58681,1.57,1.19
2014.04.10 01:11:46.111,1.58647,1.58681,2.07,1.19
2014.04.10 01:11:47.113,1.58648,1.58682,1.57,1.19
2014.04.10 01:11:49.576,1.58647,1.58682,2.07,1.69
2014.04.10 01:11:50.550,1.58647,1.58682,2.07,1.19
2014.04.10 01:11:54.139,1.58656,1.58682,1.00,1.19
2014.04.10 01:11:54.529,1.58657,1.58682,1.19,1.00
2014.04.10 01:11:55.133,1.58657,1.58687,1.69,1.19
2014.04.10 01:11:55.334,1.58665,1.58687,1.00,1.19
2014.04.10 01:11:56.179,1.58665,1.58687,1.00,1.19
2014.04.10 01:11:56.241,1.58663,1.58687,1.00,1.19
2014.04.10 01:11:56.343,1.58658,1.58687,1.19,1.19
2014.04.10 01:11:57.171,1.58658,1.58687,1.19,1.25
2014.04.10 01:11:58.160,1.58658,1.58692,1.69,1.19
2014.04.10 01:11:59.151,1.58658,1.58692,1.19,1.25
2014.04.10 01:12:00.039,1.58664,1.58692,1.00,1.25
2014.04.10 01:12:00.344,1.5867,1.58705,1.69,1.69
2014.04.10 01:12:00.651,1.58678,1.587,1.00,1.25
2014.04.10 01:12:00.853,1.58672,1.587,1.19,1.25
2014.04.10 01:12:01.367,1.58666,1.587,1.69,1.19
2014.04.10 01:12:02.081,1.58663,1.587,1.19,1.19
2014.04.10 01:12:03.109,1.58667,1.58704,1.19,2.44
2014.04.10 01:12:04.355,1.58667,1.58703,1.69,1.19
2014.04.10 01:12:05.133,1.58667,1.58695,1.69,1.00
2014.04.10 01:12:05.183,1.58667,1.58695,1.25,1.25
2014.04.10 01:12:07.071,1.58667,1.58695,1.00,1.19
2014.04.10 01:12:08.073,1.58667,1.58695,1.19,1.19
2014.04.10 01:12:08.669,1.58675,1.58695,1.00,1.19
2014.04.10 01:12:08.771,1.58672,1.58698,1.00,1.19
2014.04.10 01:12:08.922,1.58673,1.58699,1.19,1.00
2014.04.10 01:12:09.023,1.58681,1.58699,1.19,1.00
2014.04.10 01:12:10.007,1.58681,1.58697,1.19,1.00
2014.04.10 01:12:10.322,1.58679,1.58695,1.19,1.00
2014.04.10 01:12:10.505,1.58678,1.58695,1.19,1.00
2014.04.10 01:12:11.596,1.58675,1.58695,1.19,1.00
2014.04.10 01:12:12.601,1.58677,1.58695,1.19,1.00
2014.04.10 01:12:13.607,1.58678,1.58695,1.19,1.00
2014.04.10 01:12:14.611,1.58676,1.58695,1.19,1.00
2014.04.10 01:12:15.655,1.58673,1.58695,1.19,1.00
2014.04.10 01:12:15.949,1.58676,1.58704,1.19,1.19
2014.04.10 01:12:16.793,1.58676,1.58704,1.69,1.00
2014.04.10 01:12:17.464,1.58676,1.58699,1.19,1.00
2014.04.10 01:12:18.724,1.58675,1.58699,1.19,1.00
2014.04.10 01:12:19.213,1.58675,1.58708,1.19,1.19
2014.04.10 01:12:19.718,1.58678,1.58708,1.19,1.19
2014.04.10 01:12:20.765,1.58677,1.58713,1.19,1.19
2014.04.10 01:12:21.864,1.5868,1.58709,1.19,1.25
2014.04.10 01:12:23.846,1.58679,1.58709,1.19,1.00
2014.04.10 01:12:24.899,1.58678,1.58709,1.19,1.00
2014.04.10 01:12:25.609,1.58678,1.58708,1.19,1.00
2014.04.10 01:12:26.033,1.58684,1.58708,1.19,1.00
2014.04.10 01:12:28.563,1.5868,1.58708,1.19,1.00
2014.04.10 01:12:28.765,1.58671,1.58708,1.19,1.19
2014.04.10 01:12:29.651,1.58666,1.58708,1.69,1.69
2014.04.10 01:12:31.651,1.58664,1.58699,1.19,1.00
2014.04.10 01:12:32.490,1.58662,1.58699,1.19,1.25
2014.04.10 01:12:33.572,1.58661,1.58699,1.19,1.19
2014.04.10 01:12:33.842,1.58661,1.58694,1.19,1.00
2014.04.10 01:12:34.580,1.58663,1.58694,1.19,1.00
2014.04.10 01:12:35.584,1.58659,1.58694,1.19,1.25
2014.04.10 01:12:36.594,1.5866,1.58694,1.19,1.25
2014.04.10 01:12:37.570,1.58661,1.58694,1.19,1.19
2014.04.10 01:12:38.576,1.58657,1.58694,1.84,1.19
2014.04.10 01:12:39.580,1.58659,1.58694,1.19,1.00
2014.04.10 01:12:40.585,1.58662,1.58694,1.19,1.19
2014.04.10 01:12:41.591,1.58659,1.58694,1.19,1.19
2014.04.10 01:12:42.637,1.58666,1.58698,1.19,1.19
2014.04.10 01:12:44.184,1.58666,1.58693,1.19,1.00
2014.04.10 01:12:44.758,1.58664,1.58693,1.19,1.00
2014.04.10 01:12:46.398,1.58663,1.58693,1.19,1.00
2014.04.10 01:12:47.402,1.58665,1.58693,1.19,1.00
2014.04.10 01:12:48.408,1.58665,1.58693,1.19,1.00
2014.04.10 01:12:49.414,1.58665,1.58693,1.19,1.00
2014.04.10 01:12:55.967,1.58662,1.58693,1.19,1.00
2014.04.10 01:12:56.423,1.58666,1.587,2.07,1.19
2014.04.10 01:12:56.473,1.58673,1.58704,1.19,1.25
2014.04.10 01:12:57.495,1.58676,1.58704,1.19,1.00
2014.04.10 01:12:59.176,1.58675,1.58694,1.19,1.00
2014.04.10 01:12:59.771,1.58664,1.58694,1.19,1.00
2014.04.10 01:13:00.754,1.58659,1.58694,1.19,1.19
2014.04.10 01:13:04.771,1.5866,1.58694,1.19,1.69
2014.04.10 01:13:05.775,1.58659,1.58694,1.19,1.19
2014.04.10 01:13:08.833,1.58658,1.58694,1.19,1.19
2014.04.10 01:13:10.246,1.58655,1.58692,1.19,1.69
2014.04.10 01:13:10.994,1.58664,1.58696,1.19,1.19
2014.04.10 01:13:12.024,1.58665,1.58695,1.19,1.25
2014.04.10 01:13:12.986,1.58666,1.58695,1.69,1.00
2014.04.10 01:13:14.872,1.58666,1.58699,1.69,1.69
2014.04.10 01:13:15.099,1.58668,1.58699,1.19,1.50
2014.04.10 01:13:22.031,1.58669,1.58699,1.19,1.69
2014.04.10 01:13:22.692,1.58669,1.58691,1.19,1.00
2014.04.10 01:13:22.995,1.58669,1.58685,1.19,1.00
2014.04.10 01:13:23.146,1.58657,1.58685,1.19,1.00
2014.04.10 01:13:23.682,1.58657,1.5869,1.19,1.19
2014.04.10 01:13:23.935,1.58653,1.58687,1.19,1.19
2014.04.10 01:13:24.939,1.58651,1.58687,1.19,1.19
2014.04.10 01:13:26.822,1.58651,1.58674,1.19,1.00
2014.04.10 01:13:27.023,1.58633,1.58657,1.50,1.00
2014.04.10 01:13:27.125,1.58637,1.58657,1.00,1.00
2014.04.10 01:13:27.226,1.58637,1.58663,1.00,1.19
2014.04.10 01:13:27.378,1.58637,1.5867,1.19,1.69
2014.04.10 01:13:28.452,1.58637,1.5867,1.19,1.00
2014.04.10 01:13:28.553,1.58647,1.5867,1.00,1.00
2014.04.10 01:13:28.892,1.58637,1.5867,1.19,1.00
2014.04.10 01:13:29.456,1.58637,1.5867,1.25,1.19
2014.04.10 01:13:30.363,1.58637,1.5867,1.19,1.19
2014.04.10 01:13:32.376,1.58637,1.5867,1.19,1.19
2014.04.10 01:13:33.491,1.58637,1.5867,1.19,1.69
2014.04.10 01:13:33.794,1.58647,1.5867,1.00,1.19
2014.04.10 01:13:34.765,1.58647,1.58677,1.00,1.69
2014.04.10 01:13:35.815,1.58647,1.58677,1.25,1.19
2014.04.10 01:13:36.780,1.58647,1.58677,1.19,1.19
2014.04.10 01:13:37.425,1.58644,1.58673,1.19,1.00
2014.04.10 01:13:37.750,1.58644,1.58671,1.19,1.00
2014.04.10 01:13:37.801,1.58639,1.58671,1.19,1.19
2014.04.10 01:13:39.087,1.58635,1.58669,1.19,1.19
2014.04.10 01:13:40.092,1.58632,1.58671,1.19,2.44
2014.04.10 01:13:40.975,1.58632,1.58662,1.19,1.00
2014.04.10 01:13:41.144,1.58627,1.58662,1.19,1.19
2014.04.10 01:13:42.125,1.58624,1.58654,1.19,1.00
2014.04.10 01:13:42.427,1.58617,1.58636,1.00,1.19
2014.04.10 01:13:42.629,1.58617,1.5864,1.19,1.00
2014.04.10 01:13:42.680,1.58627,1.5864,1.00,1.00
2014.04.10 01:13:42.731,1.58627,1.58648,1.00,1.19
2014.04.10 01:13:43.144,1.58626,1.58653,1.19,1.00
2014.04.10 01:13:44.015,1.58626,1.58653,1.19,1.00
2014.04.10 01:13:45.013,1.58626,1.58653,1.25,1.00
2014.04.10 01:13:46.693,1.58626,1.5866,1.25,1.19
2014.04.10 01:13:47.413,1.58626,1.5866,1.00,1.25
2014.04.10 01:13:47.932,1.58626,1.5866,1.25,1.19
2014.04.10 01:13:48.952,1.58619,1.5866,1.19,1.69
2014.04.10 01:13:49.824,1.58626,1.5866,1.00,1.69
2014.04.10 01:13:49.960,1.58619,1.5866,1.19,1.69
2014.04.10 01:13:50.050,1.58621,1.5866,1.19,1.19
2014.04.10 01:13:51.072,1.58626,1.5866,1.19,1.19
2014.04.10 01:13:51.375,1.58637,1.58662,1.00,1.19
2014.04.10 01:13:51.576,1.58637,1.58665,1.00,1.19
2014.04.10 01:13:52.545,1.58637,1.58665,1.00,1.19
2014.04.10 01:13:53.572,1.58637,1.58665,1.19,1.19
2014.04.10 01:13:53.965,1.58646,1.58665,1.00,1.19
2014.04.10 01:13:54.484,1.58646,1.58669,1.00,1.19
2014.04.10 01:13:55.472,1.58646,1.58669,1.00,1.19
2014.04.10 01:13:57.417,1.58646,1.58669,1.00,1.00
2014.04.10 01:13:57.977,1.58646,1.5867,1.00,1.00
2014.04.10 01:13:58.439,1.58647,1.58681,1.19,1.19
2014.04.10 01:13:59.367,1.58649,1.58681,1.19,1.25
2014.04.10 01:14:00.485,1.58652,1.58692,1.19,1.19
2014.04.10 01:14:01.486,1.58652,1.58693,1.19,1.19
2014.04.10 01:14:02.494,1.58653,1.58693,1.19,1.19
2014.04.10 01:14:03.500,1.58652,1.58693,1.19,1.19
2014.04.10 01:14:05.950,1.58652,1.58693,1.19,1.00
2014.04.10 01:14:06.931,1.58657,1.58695,1.69,1.19
2014.04.10 01:14:07.930,1.58658,1.58696,1.19,1.19
2014.04.10 01:14:09.498,1.58657,1.58696,1.69,1.19
2014.04.10 01:14:10.502,1.58658,1.58696,1.19,1.19
2014.04.10 01:14:11.511,1.58659,1.58696,1.19,1.19
2014.04.10 01:14:12.933,1.58657,1.58696,1.69,1.19
2014.04.10 01:14:13.925,1.58658,1.58696,1.19,1.19
2014.04.10 01:14:15.955,1.58657,1.58696,1.19,1.19
2014.04.10 01:14:16.965,1.58657,1.58696,1.19,1.19
2014.04.10 01:14:17.847,1.58657,1.58696,1.19,1.19
2014.04.10 01:14:20.960,1.58655,1.58696,1.19,1.00
2014.04.10 01:14:21.964,1.58656,1.58696,1.19,1.00
2014.04.10 01:14:25.994,1.58654,1.58696,1.19,1.00
2014.04.10 01:14:27.007,1.58656,1.58696,1.19,1.25
2014.04.10 01:14:27.966,1.58655,1.58696,1.19,1.00
2014.04.10 01:14:28.973,1.58655,1.58696,1.19,1.00
2014.04.10 01:14:30.040,1.58655,1.58693,1.19,1.00
2014.04.10 01:14:30.558,1.58657,1.58693,1.19,1.00
2014.04.10 01:14:31.374,1.5866,1.58693,1.19,1.00
2014.04.10 01:14:32.077,1.58659,1.58693,1.19,1.00
2014.04.10 01:14:32.636,1.58659,1.58692,1.19,1.00
2014.04.10 01:14:33.190,1.58658,1.58692,1.19,1.00
2014.04.10 01:14:33.956,1.58658,1.58693,1.19,1.00
2014.04.10 01:14:35.327,1.58658,1.58694,1.19,1.00
2014.04.10 01:14:36.097,1.58659,1.58694,1.19,1.00
2014.04.10 01:14:37.108,1.5866,1.58694,1.19,1.25
2014.04.10 01:14:39.036,1.58659,1.58694,1.19,1.00
2014.04.10 01:14:39.571,1.58659,1.58693,1.19,1.00
2014.04.10 01:14:40.303,1.5866,1.58693,1.19,1.00
2014.04.10 01:14:42.151,1.58659,1.58693,1.19,1.00
2014.04.10 01:14:42.529,1.58659,1.5869,1.19,1.00
2014.04.10 01:14:43.129,1.58657,1.5869,1.19,1.00
2014.04.10 01:14:44.130,1.58659,1.5869,1.19,1.00
2014.04.10 01:14:44.631,1.58666,1.5869,1.00,1.00
2014.04.10 01:14:47.053,1.58666,1.5869,1.19,1.00
2014.04.10 01:14:48.058,1.58666,1.5869,1.19,1.00
2014.04.10 01:14:49.064,1.58662,1.5869,1.19,1.00
2014.04.10 01:14:52.165,1.58662,1.5869,1.19,1.00
2014.04.10 01:14:53.169,1.5866,1.5869,1.19,1.00
2014.04.10 01:14:55.174,1.58657,1.5869,1.19,1.00
2014.04.10 01:14:56.179,1.58659,1.5869,1.19,1.00
2014.04.10 01:14:58.191,1.58661,1.5869,1.19,1.00
2014.04.10 01:15:01.052,1.58661,1.587,1.19,1.57
2014.04.10 01:15:01.243,1.58662,1.587,1.19,1.19
2014.04.10 01:15:03.190,1.58662,1.587,1.19,1.19
2014.04.10 01:15:04.003,1.58662,1.58695,1.19,1.00
2014.04.10 01:15:04.531,1.58661,1.58695,1.19,1.25
2014.04.10 01:15:05.304,1.5866,1.58695,1.19,1.00
2014.04.10 01:15:06.675,1.58658,1.58694,1.19,1.00
2014.04.10 01:15:07.671,1.58657,1.58694,1.19,1.19
2014.04.10 01:15:08.632,1.58661,1.58694,1.19,1.19
2014.04.10 01:15:09.665,1.58659,1.58694,1.19,1.19
2014.04.10 01:15:10.648,1.5866,1.58694,1.19,1.19
2014.04.10 01:15:12.127,1.58663,1.58695,1.19,1.25
2014.04.10 01:15:12.534,1.58657,1.58694,1.69,1.19
2014.04.10 01:15:13.210,1.58657,1.58689,1.19,1.00
2014.04.10 01:15:14.081,1.58651,1.58687,1.19,1.19
2014.04.10 01:15:15.040,1.5865,1.58686,1.19,1.19
2014.04.10 01:15:16.051,1.58648,1.58682,1.19,1.19
2014.04.10 01:15:16.151,1.58646,1.58682,1.00,1.00
2014.04.10 01:15:17.646,1.58654,1.58689,1.00,1.00
2014.04.10 01:15:17.948,1.58672,1.58692,1.00,1.00
2014.04.10 01:15:18.049,1.58664,1.58692,1.00,1.00
2014.04.10 01:15:18.181,1.58664,1.58686,1.00,1.00
2014.04.10 01:15:18.765,1.58664,1.58687,1.00,1.00
2014.04.10 01:15:18.816,1.58658,1.58687,1.00,1.00
2014.04.10 01:15:18.867,1.58658,1.58685,1.00,1.00
2014.04.10 01:15:19.171,1.58658,1.58687,1.00,1.00
2014.04.10 01:15:20.026,1.58654,1.58687,1.00,1.00
2014.04.10 01:15:20.077,1.58656,1.58687,1.00,1.00
2014.04.10 01:15:21.160,1.58656,1.58695,1.00,1.00
2014.04.10 01:15:21.713,1.58657,1.58695,1.00,1.00
2014.04.10 01:15:27.760,1.58657,1.58695,1.38,1.00
2014.04.10 01:15:27.861,1.58665,1.58702,1.00,1.00
2014.04.10 01:15:27.962,1.58674,1.58702,1.00,1.00
2014.04.10 01:15:28.013,1.58674,1.58707,1.00,1.00
2014.04.10 01:15:28.064,1.58676,1.58707,1.00,1.00
2014.04.10 01:15:28.449,1.58676,1.58709,1.00,1.13
2014.04.10 01:15:28.601,1.5867,1.58709,1.00,1.38
2014.04.10 01:15:28.701,1.5867,1.58711,1.00,1.00
2014.04.10 01:15:29.221,1.58671,1.58711,1.13,1.00
2014.04.10 01:15:29.369,1.58674,1.58711,1.00,1.00
2014.04.10 01:15:31.234,1.58674,1.58711,1.19,1.00
2014.04.10 01:15:32.517,1.5867,1.58711,1.69,1.00
2014.04.10 01:15:33.191,1.5867,1.58708,1.69,1.00
2014.04.10 01:15:33.393,1.58663,1.58705,1.32,1.19
2014.04.10 01:15:33.896,1.58658,1.58703,1.19,1.13
2014.04.10 01:15:34.016,1.58658,1.58695,1.19,1.00
2014.04.10 01:15:34.781,1.58657,1.58695,1.19,1.00
2014.04.10 01:15:35.836,1.58673,1.58695,1.00,1.00
2014.04.10 01:15:35.937,1.58669,1.58703,1.38,1.00
2014.04.10 01:15:36.043,1.58673,1.58708,1.00,1.19
2014.04.10 01:15:36.145,1.58677,1.58708,1.00,1.19
2014.04.10 01:15:36.448,1.58671,1.58701,1.19,1.50
2014.04.10 01:15:36.499,1.5867,1.58701,1.00,1.00
2014.04.10 01:15:36.549,1.58667,1.58696,1.25,1.00
2014.04.10 01:15:37.236,1.5866,1.5869,1.19,1.00
2014.04.10 01:15:37.337,1.58648,1.5869,1.19,1.00
2014.04.10 01:15:39.358,1.58648,1.5869,1.42,1.25
2014.04.10 01:15:42.530,1.58648,1.5869,1.42,1.19
2014.04.10 01:15:46.280,1.5865,1.5869,1.34,1.19
2014.04.10 01:15:46.381,1.58651,1.5869,1.39,1.25
2014.04.10 01:15:47.992,1.58658,1.5869,1.19,1.19
2014.04.10 01:15:48.661,1.58658,1.58688,1.19,1.57
2014.04.10 01:15:48.712,1.58649,1.58688,1.19,1.57
2014.04.10 01:15:48.883,1.58649,1.58682,1.19,1.00
2014.04.10 01:15:49.781,1.58648,1.58682,1.25,1.19
2014.04.10 01:15:50.827,1.58646,1.58681,1.19,1.19
2014.04.10 01:15:51.786,1.58648,1.58682,1.19,2.44
2014.04.10 01:15:52.675,1.58656,1.58682,1.00,1.19
2014.04.10 01:15:52.927,1.58659,1.58687,1.00,1.19
2014.04.10 01:15:52.978,1.58662,1.58687,1.50,1.19
2014.04.10 01:15:53.129,1.58662,1.58696,1.69,1.19
2014.04.10 01:15:54.122,1.58663,1.58701,1.19,1.19
2014.04.10 01:15:54.274,1.58663,1.58692,1.19,1.00
2014.04.10 01:15:54.579,1.58663,1.58686,1.19,1.00
2014.04.10 01:15:54.730,1.58663,1.58688,1.19,1.00
2014.04.10 01:15:54.962,1.58663,1.58692,1.19,1.00
2014.04.10 01:15:55.063,1.58663,1.5869,1.19,1.00
2014.04.10 01:15:55.142,1.58663,1.58693,1.19,1.00
2014.04.10 01:15:55.716,1.58663,1.58689,1.19,1.00
2014.04.10 01:15:55.810,1.58658,1.58689,1.19,1.00
2014.04.10 01:15:56.701,1.58658,1.58687,1.19,1.00
2014.04.10 01:15:56.818,1.58654,1.58687,1.19,1.00
2014.04.10 01:15:58.111,1.58656,1.58687,1.19,1.25
2014.04.10 01:15:58.830,1.58656,1.58686,1.69,1.00
2014.04.10 01:15:59.815,1.58656,1.5869,1.69,1.25
2014.04.10 01:15:59.865,1.58658,1.5869,1.19,1.00
2014.04.10 01:16:00.188,1.58658,1.58687,1.19,1.00
2014.04.10 01:16:00.238,1.58658,1.58689,1.19,1.00
2014.04.10 01:16:00.491,1.58658,1.58694,3.19,1.19
2014.04.10 01:16:00.833,1.58664,1.58694,1.19,1.00
2014.04.10 01:16:02.033,1.58667,1.58694,1.19,1.00
2014.04.10 01:16:04.293,1.58666,1.58699,1.19,1.00
2014.04.10 01:16:05.053,1.58668,1.58699,1.19,1.00
2014.04.10 01:16:06.679,1.58662,1.58699,1.00,1.19
2014.04.10 01:16:06.856,1.58666,1.58699,1.00,1.19
2014.04.10 01:16:07.467,1.58667,1.587,1.00,1.69
2014.04.10 01:16:07.726,1.58667,1.587,1.69,1.19
2014.04.10 01:16:08.704,1.58667,1.587,1.69,1.19
2014.04.10 01:16:09.711,1.58667,1.587,1.69,1.69
2014.04.10 01:16:10.726,1.58667,1.587,1.69,1.19
2014.04.10 01:16:11.935,1.58667,1.587,1.69,1.19
2014.04.10 01:16:12.941,1.58667,1.587,1.69,1.19
2014.04.10 01:16:13.953,1.58667,1.587,2.44,1.25
2014.04.10 01:16:14.762,1.58673,1.58705,1.00,1.19
2014.04.10 01:16:15.066,1.587,1.58725,1.00,1.19
2014.04.10 01:16:15.168,1.58705,1.58731,1.19,1.50
2014.04.10 01:16:16.466,1.58701,1.58731,1.19,1.25
2014.04.10 01:16:17.500,1.58697,1.58731,1.19,1.69
2014.04.10 01:16:18.468,1.58696,1.5873,1.69,1.19
2014.04.10 01:16:20.399,1.58694,1.5873,1.19,3.19
2014.04.10 01:16:21.384,1.58694,1.58728,1.19,1.19
2014.04.10 01:16:21.966,1.58686,1.58723,1.19,1.19
2014.04.10 01:16:22.674,1.58685,1.58721,1.69,1.19
2014.04.10 01:16:23.779,1.5868,1.58723,1.47,1.69
2014.04.10 01:16:25.476,1.58679,1.58719,1.19,1.19
2014.04.10 01:16:26.482,1.58679,1.58719,1.00,1.19
2014.04.10 01:16:27.487,1.58679,1.58719,1.19,1.19
2014.04.10 01:16:29.737,1.58679,1.58719,1.00,1.19
2014.04.10 01:16:30.246,1.58679,1.58719,1.19,1.19
2014.04.10 01:16:31.513,1.58679,1.58719,1.25,1.69
2014.04.10 01:16:34.000,1.58675,1.58711,1.25,1.19
2014.04.10 01:16:35.006,1.58669,1.58712,2.29,1.19
2014.04.10 01:16:36.014,1.58669,1.58712,2.29,1.19
2014.04.10 01:16:37.019,1.58669,1.58712,2.29,1.19
2014.04.10 01:16:37.120,1.58677,1.58712,1.00,1.19
2014.04.10 01:16:37.422,1.58682,1.58718,1.69,1.32
2014.04.10 01:16:37.724,1.58682,1.58707,1.19,1.00
2014.04.10 01:16:37.775,1.58673,1.58707,1.19,1.00
2014.04.10 01:16:38.732,1.5867,1.58707,1.19,1.19
2014.04.10 01:16:39.737,1.58666,1.58707,1.69,1.19
2014.04.10 01:16:41.753,1.58669,1.58707,1.19,1.19
2014.04.10 01:16:43.760,1.58669,1.58707,1.19,1.25
2014.04.10 01:16:44.801,1.58669,1.58707,1.69,1.00
2014.04.10 01:16:45.809,1.58669,1.58707,2.44,1.25
2014.04.10 01:16:46.799,1.58669,1.58707,1.69,1.25
2014.04.10 01:16:47.640,1.58676,1.58707,1.00,1.25
2014.04.10 01:16:47.942,1.58687,1.58713,1.00,1.19
2014.04.10 01:16:48.044,1.58687,1.58722,1.69,1.19
2014.04.10 01:16:49.003,1.58687,1.58721,1.69,1.19
2014.04.10 01:16:49.956,1.5868,1.58709,1.19,1.19
2014.04.10 01:16:50.399,1.58679,1.58705,1.19,1.00
2014.04.10 01:16:51.369,1.58679,1.58709,1.19,1.19
2014.04.10 01:16:52.638,1.58687,1.58713,1.00,1.19
2014.04.10 01:16:53.171,1.58687,1.58717,1.38,1.19
2014.04.10 01:16:53.222,1.58689,1.58723,1.19,1.19
2014.04.10 01:16:53.400,1.58696,1.58725,1.00,1.19
2014.04.10 01:16:54.009,1.58695,1.58725,1.00,1.69
2014.04.10 01:16:54.440,1.58694,1.58725,1.19,1.25
2014.04.10 01:16:55.431,1.58692,1.58725,1.19,1.19
2014.04.10 01:16:56.471,1.58693,1.58725,1.19,1.19
2014.04.10 01:16:57.458,1.58693,1.58725,1.19,1.19
2014.04.10 01:16:58.117,1.58693,1.58722,1.19,1.00
2014.04.10 01:16:58.625,1.58689,1.58719,1.19,1.50
2014.04.10 01:16:59.697,1.58688,1.58714,1.19,1.00
2014.04.10 01:17:00.748,1.58686,1.58714,1.57,1.00
2014.04.10 01:17:01.076,1.58686,1.5872,1.57,1.69
2014.04.10 01:17:01.761,1.58686,1.5872,1.57,1.69
2014.04.10 01:17:05.284,1.58686,1.5872,2.07,1.69
2014.04.10 01:17:06.290,1.58686,1.5872,1.19,1.69
2014.04.10 01:17:10.394,1.58684,1.58719,1.32,1.69
2014.04.10 01:17:11.811,1.5868,1.58715,1.19,1.69
2014.04.10 01:17:12.720,1.58679,1.58715,1.32,1.19
2014.04.10 01:17:13.022,1.5868,1.58707,1.19,1.00
2014.04.10 01:17:14.805,1.5868,1.58707,1.25,1.25
2014.04.10 01:17:16.745,1.58676,1.58711,1.19,1.19
2014.04.10 01:17:17.868,1.58676,1.5871,1.19,1.19
2014.04.10 01:17:18.416,1.58676,1.58707,1.19,1.19
2014.04.10 01:17:18.841,1.58674,1.58703,1.19,1.00
2014.04.10 01:17:19.361,1.58667,1.58705,1.00,1.19
2014.04.10 01:17:19.462,1.58662,1.58705,1.69,1.19
2014.04.10 01:17:19.715,1.5866,1.58693,1.19,1.00
2014.04.10 01:17:19.765,1.58657,1.58693,1.00,1.19
2014.04.10 01:17:20.068,1.58651,1.58695,1.19,1.19
2014.04.10 01:17:20.270,1.58657,1.58695,1.00,1.69
2014.04.10 01:17:20.788,1.58657,1.58694,1.00,1.19
2014.04.10 01:17:21.202,1.58652,1.58694,1.69,1.19
2014.04.10 01:17:21.710,1.58652,1.58693,1.48,1.19
2014.04.10 01:17:22.185,1.58652,1.58693,1.19,1.19
2014.04.10 01:17:23.117,1.5866,1.58694,1.00,1.19
2014.04.10 01:17:23.219,1.5866,1.58696,1.13,1.19
2014.04.10 01:17:23.370,1.5866,1.58696,1.38,1.19
2014.04.10 01:17:23.421,1.58663,1.58699,1.57,1.19
2014.04.10 01:17:24.607,1.58667,1.58701,1.19,1.19
2014.04.10 01:17:25.890,1.58664,1.587,1.57,1.19
2014.04.10 01:17:26.243,1.58665,1.587,1.19,1.19
2014.04.10 01:17:26.344,1.58663,1.58693,1.69,1.00
2014.04.10 01:17:26.999,1.58656,1.58693,1.19,1.19
2014.04.10 01:17:27.739,1.58656,1.58683,1.19,1.00
2014.04.10 01:17:27.841,1.58655,1.58693,1.19,1.19
2014.04.10 01:17:28.050,1.58657,1.58693,1.57,1.19
2014.04.10 01:17:29.060,1.58659,1.58693,1.19,1.19
2014.04.10 01:17:29.993,1.58657,1.58691,1.57,1.19
2014.04.10 01:17:31.040,1.58657,1.58693,1.32,1.69
2014.04.10 01:17:32.010,1.58659,1.58693,1.19,1.69
2014.04.10 01:17:33.045,1.5866,1.58693,1.19,1.19
2014.04.10 01:17:34.045,1.58659,1.58693,1.19,1.19
2014.04.10 01:17:35.448,1.58663,1.58693,1.19,1.00
2014.04.10 01:17:37.556,1.58665,1.58701,1.19,1.19
2014.04.10 01:17:38.667,1.58668,1.58703,1.19,1.19
2014.04.10 01:17:39.657,1.58669,1.58703,1.19,1.19
2014.04.10 01:17:40.663,1.58666,1.58702,1.19,1.19
2014.04.10 01:17:41.723,1.58664,1.58701,1.69,1.19
2014.04.10 01:17:43.068,1.58664,1.58693,2.07,1.00
2014.04.10 01:17:43.371,1.58664,1.58701,1.19,1.69
2014.04.10 01:17:43.472,1.58664,1.58693,1.19,1.00
2014.04.10 01:17:44.017,1.58665,1.58693,1.19,1.00
2014.04.10 01:17:45.928,1.58664,1.58693,1.19,1.00
2014.04.10 01:17:47.908,1.58666,1.58693,1.19,1.00
2014.04.10 01:17:48.898,1.58666,1.58693,1.19,1.00
2014.04.10 01:17:49.890,1.58663,1.58693,1.19,1.19
2014.04.10 01:17:52.008,1.58662,1.58693,1.19,1.00
2014.04.10 01:17:52.811,1.58662,1.58698,1.19,1.19
2014.04.10 01:17:53.470,1.58661,1.58697,1.19,1.19
2014.04.10 01:17:54.962,1.58663,1.58697,1.19,1.19
2014.04.10 01:17:55.970,1.58664,1.58698,1.32,1.19
2014.04.10 01:17:56.976,1.58663,1.58697,1.57,1.19
2014.04.10 01:17:58.008,1.58662,1.58698,1.57,1.19
2014.04.10 01:18:00.000,1.58659,1.58695,2.07,1.19
2014.04.10 01:18:00.589,1.58659,1.58695,2.07,1.19
2014.04.10 01:18:02.008,1.58659,1.58695,2.07,1.19
2014.04.10 01:18:03.013,1.58659,1.58695,1.57,1.19
2014.04.10 01:18:04.221,1.58662,1.58696,1.19,1.19
2014.04.10 01:18:05.195,1.5866,1.58696,1.57,1.19
2014.04.10 01:18:06.200,1.5866,1.58696,1.57,1.19
2014.04.10 01:18:07.252,1.58661,1.58698,1.32,1.19
2014.04.10 01:18:08.220,1.58659,1.58693,2.07,1.19
2014.04.10 01:18:09.254,1.58662,1.58696,1.19,1.19
2014.04.10 01:18:10.232,1.58661,1.58697,1.19,1.19
2014.04.10 01:18:13.085,1.58661,1.58695,1.19,1.19
2014.04.10 01:18:14.356,1.58661,1.58697,1.19,1.19
2014.04.10 01:18:16.058,1.58662,1.58698,1.19,1.19
2014.04.10 01:18:17.042,1.58664,1.58698,1.19,1.19
2014.04.10 01:18:18.053,1.58663,1.58697,1.19,1.19
2014.04.10 01:18:19.082,1.58666,1.58701,1.32,1.19
2014.04.10 01:18:20.068,1.58665,1.58699,2.07,1.19
2014.04.10 01:18:21.079,1.58665,1.58698,1.57,1.19
2014.04.10 01:18:22.100,1.58665,1.58699,1.57,1.19
2014.04.10 01:18:23.066,1.58665,1.587,1.57,1.19
2014.04.10 01:18:24.072,1.58666,1.58702,1.32,1.19
2014.04.10 01:18:26.088,1.5867,1.587,1.19,1.00
2014.04.10 01:18:26.657,1.5867,1.58704,1.19,1.19
2014.04.10 01:18:27.196,1.58669,1.58704,1.19,1.19
2014.04.10 01:18:29.106,1.58669,1.58703,1.19,1.19
2014.04.10 01:18:30.111,1.58669,1.58703,1.19,1.19
2014.04.10 01:18:31.133,1.58669,1.58702,1.19,1.19
2014.04.10 01:18:31.502,1.58675,1.58702,1.00,1.19
2014.04.10 01:18:32.235,1.58675,1.58706,1.25,1.19
2014.04.10 01:18:32.708,1.58677,1.58706,1.00,1.19
2014.04.10 01:18:33.024,1.58687,1.58713,1.50,1.57
2014.04.10 01:18:34.017,1.58687,1.58715,1.69,1.57
2014.04.10 01:18:34.822,1.58687,1.58715,2.44,1.19
2014.04.10 01:18:35.041,1.58687,1.58718,2.44,1.19
2014.04.10 01:18:36.031,1.58687,1.58718,2.44,1.19
2014.04.10 01:18:37.086,1.58687,1.58718,1.19,1.19
2014.04.10 01:18:38.085,1.58683,1.58717,1.19,1.19
2014.04.10 01:18:40.104,1.58682,1.58718,1.19,1.69
2014.04.10 01:18:41.147,1.58685,1.58717,1.19,1.19
2014.04.10 01:18:42.267,1.58685,1.58717,1.19,1.19
2014.04.10 01:18:42.887,1.58688,1.58717,2.07,1.19
2014.04.10 01:18:43.089,1.58699,1.5873,1.00,1.19
2014.04.10 01:18:43.634,1.58698,1.5873,1.69,1.19
2014.04.10 01:18:43.685,1.58701,1.58732,1.19,1.00
2014.04.10 01:18:44.116,1.58706,1.58741,1.19,1.19
2014.04.10 01:18:45.182,1.5871,1.58745,1.69,1.19
2014.04.10 01:18:46.185,1.58712,1.58749,1.19,1.19
2014.04.10 01:18:47.629,1.5871,1.58749,1.69,1.19
2014.04.10 01:18:48.308,1.5871,1.58748,1.69,1.19
2014.04.10 01:18:49.677,1.5871,1.58749,1.19,1.19
2014.04.10 01:18:50.387,1.58711,1.58751,1.19,1.69
2014.04.10 01:18:51.668,1.5871,1.58744,1.19,1.19
2014.04.10 01:18:53.666,1.5871,1.58746,1.19,1.19
2014.04.10 01:18:53.767,1.5871,1.58746,1.25,1.19
2014.04.10 01:18:54.907,1.5871,1.58746,1.88,1.19
2014.04.10 01:18:55.238,1.58717,1.58748,1.00,1.19
2014.04.10 01:18:56.124,1.58717,1.58749,1.00,1.19
2014.04.10 01:18:57.120,1.58716,1.58748,1.13,1.19
2014.04.10 01:18:58.014,1.58711,1.58748,2.07,1.19
2014.04.10 01:18:58.317,1.58711,1.58734,1.00,1.00
2014.04.10 01:18:58.695,1.58703,1.58734,2.07,1.00
2014.04.10 01:18:59.227,1.58699,1.58734,2.07,1.00
2014.04.10 01:19:13.087,1.58698,1.58734,1.57,1.69
2014.04.10 01:19:13.137,1.58697,1.5873,2.82,1.00
2014.04.10 01:19:13.722,1.58697,1.5873,2.82,1.19
2014.04.10 01:19:14.343,1.58698,1.5873,1.57,1.25
2014.04.10 01:19:18.392,1.58698,1.5873,1.57,1.19
2014.04.10 01:19:19.024,1.58698,1.58731,1.57,1.19
2014.04.10 01:19:19.927,1.58696,1.58732,1.38,1.19
2014.04.10 01:19:20.396,1.5869,1.58729,1.64,1.19
2014.04.10 01:19:21.371,1.58686,1.58727,1.77,1.19
2014.04.10 01:19:21.776,1.58685,1.58719,1.24,1.19
2014.04.10 01:19:23.014,1.58683,1.58714,1.19,1.19
2014.04.10 01:19:24.799,1.58678,1.58711,1.57,1.19
2014.04.10 01:19:26.797,1.58678,1.5871,1.57,1.19
2014.04.10 01:19:29.819,1.58677,1.58711,1.57,1.19
2014.04.10 01:19:31.845,1.58678,1.58712,1.57,1.19
2014.04.10 01:19:32.148,1.58676,1.58705,1.63,1.19
2014.04.10 01:19:32.198,1.58676,1.58705,1.25,1.19
2014.04.10 01:19:32.300,1.58669,1.58701,1.19,1.00
2014.04.10 01:19:32.350,1.5866,1.58696,1.34,1.19
2014.04.10 01:19:33.345,1.58657,1.58693,1.19,1.19
2014.04.10 01:19:34.519,1.58657,1.58693,1.19,1.19
2014.04.10 01:19:35.328,1.58657,1.58693,1.69,1.19
2014.04.10 01:19:35.839,1.58654,1.5869,1.19,1.19
2014.04.10 01:19:36.890,1.58654,1.58693,1.19,1.69
2014.04.10 01:19:37.880,1.58654,1.58691,1.25,1.19
2014.04.10 01:19:38.869,1.58654,1.5869,1.19,1.19
2014.04.10 01:19:39.868,1.58654,1.58692,1.25,1.19
2014.04.10 01:19:41.050,1.58654,1.58691,1.19,1.19
2014.04.10 01:19:41.855,1.58654,1.58693,1.25,1.69
2014.04.10 01:19:42.861,1.58653,1.58687,1.19,1.19
2014.04.10 01:19:43.667,1.58652,1.5869,1.32,1.19
2014.04.10 01:19:44.676,1.58652,1.58693,1.32,1.19
2014.04.10 01:19:45.706,1.58654,1.58696,2.44,1.19
2014.04.10 01:19:46.536,1.58657,1.58696,1.00,1.19
2014.04.10 01:19:47.208,1.58657,1.58697,1.19,1.19
2014.04.10 01:19:48.205,1.58657,1.58698,1.19,1.19
2014.04.10 01:19:49.256,1.58657,1.58697,1.19,1.19
2014.04.10 01:19:50.295,1.58652,1.58695,2.07,1.19
2014.04.10 01:19:50.704,1.58656,1.58691,1.00,1.19
2014.04.10 01:19:51.414,1.58656,1.58693,1.00,1.19
2014.04.10 01:19:52.408,1.58656,1.58695,1.00,1.69
2014.04.10 01:19:53.426,1.58656,1.58694,1.00,1.19
2014.04.10 01:19:54.420,1.58656,1.58695,1.19,1.69
2014.04.10 01:19:55.426,1.58656,1.58695,1.19,1.19
2014.04.10 01:19:56.432,1.58656,1.58695,1.19,1.19
2014.04.10 01:19:57.439,1.58656,1.58695,1.05,1.19
2014.04.10 01:19:58.444,1.58649,1.58695,2.29,1.19
2014.04.10 01:19:58.691,1.58656,1.58695,1.54,1.00
2014.04.10 01:19:59.820,1.58659,1.58695,1.19,1.19
2014.04.10 01:20:00.658,1.58659,1.58695,1.19,1.25
2014.04.10 01:20:02.656,1.58661,1.58695,1.19,1.19
2014.04.10 01:20:03.646,1.58657,1.58694,1.19,1.19
2014.04.10 01:20:04.652,1.58652,1.58694,1.27,1.19
2014.04.10 01:20:05.687,1.5865,1.58693,1.33,1.19
2014.04.10 01:20:06.114,1.58649,1.58693,1.49,1.19
2014.04.10 01:20:06.656,1.58649,1.58694,2.22,1.19
2014.04.10 01:20:07.525,1.58654,1.58694,1.05,1.19
2014.04.10 01:20:07.944,1.58648,1.58686,3.12,1.00
2014.04.10 01:20:08.284,1.58648,1.58682,1.87,1.00
2014.04.10 01:20:08.669,1.58647,1.58682,1.19,1.00
2014.04.10 01:20:09.776,1.58644,1.58682,1.69,1.19
2014.04.10 01:20:10.680,1.58644,1.5868,2.44,1.19
2014.04.10 01:20:11.813,1.58641,1.58677,1.19,1.19
2014.04.10 01:20:12.700,1.58643,1.58681,1.19,1.19
2014.04.10 01:20:13.754,1.58645,1.58682,1.19,1.19
2014.04.10 01:20:14.713,1.58644,1.58681,1.19,1.19
2014.04.10 01:20:15.016,1.58656,1.58681,1.00,1.19
2014.04.10 01:20:15.286,1.58656,1.5869,1.19,1.19
2014.04.10 01:20:15.577,1.58653,1.58683,1.19,1.00
2014.04.10 01:20:15.880,1.58645,1.58678,1.19,1.19
2014.04.10 01:20:16.334,1.58637,1.58673,1.19,1.19
2014.04.10 01:20:16.897,1.58637,1.58673,1.19,1.19
2014.04.10 01:20:17.715,1.58634,1.58678,1.69,2.07
2014.04.10 01:20:18.114,1.58634,1.58671,1.19,1.00
2014.04.10 01:20:18.458,1.58629,1.58668,1.69,1.57
2014.04.10 01:20:18.861,1.58636,1.58669,1.00,1.57
2014.04.10 01:20:19.177,1.58639,1.58676,1.19,1.19
2014.04.10 01:20:19.996,1.58646,1.58677,1.00,1.19
2014.04.10 01:20:20.501,1.58646,1.58677,1.38,1.19
2014.04.10 01:20:20.551,1.58647,1.58683,1.57,1.19
2014.04.10 01:20:21.111,1.58647,1.58686,1.57,1.19
2014.04.10 01:20:21.666,1.58647,1.58681,1.19,1.00
2014.04.10 01:20:21.969,1.58647,1.5868,1.19,1.38
2014.04.10 01:20:22.232,1.58641,1.5868,1.69,2.07
2014.04.10 01:20:22.833,1.58651,1.58687,1.19,1.19
2014.04.10 01:20:23.830,1.58651,1.58694,1.69,1.57
2014.04.10 01:20:24.836,1.58651,1.58695,1.69,2.07
2014.04.10 01:20:25.863,1.58652,1.58695,1.19,2.07
2014.04.10 01:20:26.871,1.58651,1.58695,1.69,2.82
2014.04.10 01:20:28.010,1.58651,1.58687,1.69,1.00
2014.04.10 01:20:28.863,1.58653,1.58687,1.19,1.00
2014.04.10 01:20:29.909,1.58653,1.58687,1.19,1.19
2014.04.10 01:20:30.446,1.58653,1.58684,1.19,1.00
2014.04.10 01:20:31.082,1.58648,1.58684,1.19,2.44
2014.04.10 01:20:31.385,1.58648,1.5868,1.19,1.63
2014.04.10 01:20:32.097,1.58643,1.58679,1.19,1.57
2014.04.10 01:20:33.087,1.5864,1.58677,1.19,1.19
2014.04.10 01:20:34.077,1.58641,1.58676,1.19,1.19
2014.04.10 01:20:35.278,1.58641,1.58676,1.19,1.19
2014.04.10 01:20:37.303,1.5865,1.58681,1.19,1.25
2014.04.10 01:20:38.687,1.58649,1.58686,1.19,1.19
2014.04.10 01:20:39.572,1.5865,1.58686,1.19,1.19
2014.04.10 01:20:40.407,1.58652,1.58686,1.19,1.19
2014.04.10 01:20:41.385,1.58651,1.58687,1.19,1.19
2014.04.10 01:20:45.630,1.58656,1.58693,1.19,1.19
2014.04.10 01:20:46.621,1.58658,1.58693,1.19,1.19
2014.04.10 01:20:47.644,1.58659,1.58694,1.19,1.19
2014.04.10 01:20:48.641,1.58662,1.58698,1.19,1.19
2014.04.10 01:20:49.613,1.58663,1.58698,1.19,1.19
2014.04.10 01:20:50.631,1.58662,1.587,1.19,1.19
2014.04.10 01:20:52.052,1.58661,1.58696,1.19,1.19
2014.04.10 01:20:53.146,1.58654,1.58691,1.19,1.69
2014.04.10 01:20:54.165,1.5865,1.5869,1.19,1.19
2014.04.10 01:20:55.182,1.58653,1.58691,1.19,2.44
2014.04.10 01:20:56.136,1.5865,1.58689,1.19,1.19
2014.04.10 01:20:56.613,1.58667,1.58689,1.00,1.19
2014.04.10 01:20:57.460,1.58667,1.58691,1.00,1.69
2014.04.10 01:20:57.840,1.58656,1.58691,1.57,1.69
2014.04.10 01:20:58.753,1.58658,1.58691,1.32,1.69
2014.04.10 01:21:00.005,1.58656,1.58691,1.19,2.44
2014.04.10 01:21:01.004,1.58656,1.58691,1.69,1.69
2014.04.10 01:21:01.983,1.58657,1.58691,1.19,1.69
2014.04.10 01:21:02.990,1.58658,1.58691,1.19,1.69
2014.04.10 01:21:03.995,1.58659,1.58691,1.19,1.50
2014.04.10 01:21:05.106,1.58661,1.58691,1.19,1.69
2014.04.10 01:21:05.987,1.58662,1.58698,1.19,1.19
2014.04.10 01:21:06.994,1.58664,1.58698,1.19,1.19
2014.04.10 01:21:07.999,1.58662,1.58698,1.19,1.19
2014.04.10 01:21:10.054,1.58662,1.58696,1.19,1.19
2014.04.10 01:21:11.049,1.58661,1.58697,1.19,1.19
2014.04.10 01:21:15.118,1.58663,1.58697,1.19,1.19
2014.04.10 01:21:16.123,1.58662,1.58697,1.19,1.19
2014.04.10 01:21:18.136,1.58661,1.58697,1.19,1.19
2014.04.10 01:21:19.142,1.58663,1.58697,1.19,1.19
2014.04.10 01:21:20.145,1.58664,1.58697,1.19,1.19
2014.04.10 01:21:21.050,1.58663,1.58697,1.19,1.19
2014.04.10 01:21:24.064,1.58662,1.58697,1.19,1.19
2014.04.10 01:21:25.171,1.58662,1.58697,1.19,1.69
2014.04.10 01:21:26.749,1.58661,1.58696,1.19,1.19
2014.04.10 01:21:27.258,1.58652,1.58688,1.19,1.19
2014.04.10 01:21:28.309,1.5865,1.58687,1.19,1.19
2014.04.10 01:21:29.265,1.58649,1.58689,1.69,1.19
2014.04.10 01:21:32.282,1.58653,1.58691,1.19,1.19
2014.04.10 01:21:34.295,1.58653,1.58691,1.19,1.69
2014.04.10 01:21:35.302,1.58651,1.58691,1.19,1.19
2014.04.10 01:21:36.208,1.58652,1.58691,1.19,1.69
2014.04.10 01:21:37.307,1.58651,1.58691,1.19,1.19
2014.04.10 01:21:38.295,1.58651,1.5869,1.19,1.19
2014.04.10 01:21:41.312,1.58654,1.5869,1.19,1.19
2014.04.10 01:21:42.320,1.58653,1.58691,1.19,1.19
2014.04.10 01:21:43.325,1.58654,1.58691,1.19,1.19
2014.04.10 01:21:44.329,1.58657,1.58691,1.19,1.19
2014.04.10 01:21:46.378,1.58655,1.58691,1.19,1.69
2014.04.10 01:21:47.386,1.58652,1.5869,1.19,1.19
2014.04.10 01:21:49.332,1.58652,1.58692,1.19,2.44
2014.04.10 01:21:50.152,1.58658,1.58692,1.00,1.19
2014.04.10 01:21:50.202,1.5866,1.58692,1.00,1.19
2014.04.10 01:21:50.534,1.5866,1.58696,1.19,1.32
2014.04.10 01:21:50.941,1.58666,1.58696,1.50,1.19
2014.04.10 01:21:52.030,1.58666,1.58699,2.25,1.87
2014.04.10 01:21:52.994,1.58666,1.58697,2.25,1.19
2014.04.10 01:21:53.170,1.58671,1.58697,1.50,1.19
2014.04.10 01:21:53.530,1.58674,1.58701,1.00,1.32
2014.04.10 01:21:53.960,1.58674,1.58703,1.00,1.57
2014.04.10 01:21:55.005,1.58674,1.58703,1.00,1.57
2014.04.10 01:21:55.971,1.58674,1.58703,1.00,1.57
2014.04.10 01:21:56.983,1.58674,1.58698,1.19,1.00
2014.04.10 01:21:57.142,1.58674,1.58702,1.19,1.25
2014.04.10 01:21:58.269,1.58674,1.58709,1.69,2.07
2014.04.10 01:21:59.042,1.58675,1.58709,1.19,1.57
2014.04.10 01:21:59.947,1.58674,1.58709,1.69,1.57
2014.04.10 01:22:00.951,1.58675,1.58709,1.19,1.57
2014.04.10 01:22:01.865,1.5867,1.58705,1.50,1.32
2014.04.10 01:22:01.916,1.58674,1.58705,1.00,1.19
2014.04.10 01:22:01.966,1.58675,1.58712,1.19,1.69
2014.04.10 01:22:02.125,1.58675,1.58712,1.19,1.57
2014.04.10 01:22:03.274,1.58674,1.58706,1.50,2.07
2014.04.10 01:22:04.284,1.58674,1.58706,1.69,2.07
2014.04.10 01:22:04.815,1.58677,1.58706,1.00,1.19
2014.04.10 01:22:05.154,1.58687,1.58706,1.00,1.19
2014.04.10 01:22:05.204,1.58687,1.58717,1.00,1.19
2014.04.10 01:22:05.610,1.58688,1.58725,1.19,1.69
2014.04.10 01:22:06.597,1.58686,1.58723,2.44,1.19
2014.04.10 01:22:08.581,1.58686,1.58721,2.44,1.19
2014.04.10 01:22:09.587,1.5869,1.58724,1.19,1.19
2014.04.10 01:22:11.602,1.58687,1.58724,1.69,1.19
2014.04.10 01:22:12.608,1.58688,1.58725,1.19,1.19
2014.04.10 01:22:17.630,1.58691,1.58725,1.19,1.19
2014.04.10 01:22:20.590,1.58687,1.58724,1.19,1.19
2014.04.10 01:22:22.198,1.58687,1.58726,1.19,1.19
2014.04.10 01:22:23.203,1.58688,1.58723,1.19,1.19
2014.04.10 01:22:30.265,1.58686,1.58724,1.19,1.19
2014.04.10 01:22:31.275,1.58686,1.58722,1.19,1.19
2014.04.10 01:22:32.266,1.58686,1.58722,1.69,1.19
2014.04.10 01:22:38.254,1.58688,1.58722,1.19,1.19
2014.04.10 01:22:39.355,1.58691,1.58725,1.19,1.19
2014.04.10 01:22:41.294,1.58689,1.58726,1.19,1.19
2014.04.10 01:22:42.273,1.5869,1.58727,1.19,1.19
2014.04.10 01:22:43.278,1.58689,1.58728,1.19,1.19
2014.04.10 01:22:43.381,1.58699,1.58731,1.19,1.19
2014.04.10 01:22:45.001,1.58702,1.58739,1.19,1.19
2014.04.10 01:22:45.809,1.58702,1.58737,1.19,1.19
2014.04.10 01:22:46.790,1.587,1.58738,1.19,1.19
2014.04.10 01:22:47.781,1.587,1.58736,1.19,1.19
2014.04.10 01:22:48.788,1.58699,1.58736,1.19,1.19
2014.04.10 01:22:49.795,1.58701,1.58736,1.19,1.19
2014.04.10 01:22:50.586,1.58701,1.58728,1.19,1.00
2014.04.10 01:22:50.790,1.58691,1.58727,1.19,1.19
2014.04.10 01:22:51.810,1.58695,1.5873,1.19,1.19
2014.04.10 01:22:52.826,1.58694,1.58729,1.19,1.19
2014.04.10 01:22:53.822,1.58691,1.58727,1.19,1.19
2014.04.10 01:22:55.063,1.58695,1.5873,1.19,1.19
2014.04.10 01:22:55.839,1.58696,1.58731,1.19,2.44
2014.04.10 01:22:59.744,1.58698,1.58731,1.19,1.69
2014.04.10 01:23:00.661,1.58696,1.58731,1.19,1.69
2014.04.10 01:23:02.677,1.58697,1.58731,1.19,1.69
2014.04.10 01:23:03.779,1.58697,1.58731,1.19,1.69
2014.04.10 01:23:04.786,1.58699,1.58731,1.19,1.50
2014.04.10 01:23:05.793,1.587,1.58731,1.19,1.50
2014.04.10 01:23:06.990,1.58701,1.58731,1.19,1.50
2014.04.10 01:23:07.251,1.58701,1.58733,1.19,1.00
2014.04.10 01:23:07.793,1.58697,1.58732,1.19,1.19
2014.04.10 01:23:08.792,1.58698,1.58733,1.19,1.19
2014.04.10 01:23:09.795,1.58697,1.58734,1.19,1.19
2014.04.10 01:23:10.802,1.58699,1.58734,1.19,1.19
2014.04.10 01:23:11.808,1.58699,1.58735,1.19,1.19
2014.04.10 01:23:15.854,1.58704,1.58738,1.19,1.19
2014.04.10 01:23:16.834,1.58705,1.58738,1.19,1.19
2014.04.10 01:23:22.852,1.58705,1.58738,1.19,1.19
2014.04.10 01:23:23.843,1.58706,1.58738,1.19,1.19
2014.04.10 01:23:24.946,1.58706,1.58738,1.19,1.25
2014.04.10 01:23:25.993,1.58705,1.58738,1.19,1.19
2014.04.10 01:23:26.955,1.58707,1.58738,1.19,1.19
2014.04.10 01:23:28.902,1.58704,1.58738,1.19,1.19
2014.04.10 01:23:30.879,1.58705,1.58738,1.19,1.19
2014.04.10 01:23:31.921,1.58704,1.58742,1.19,1.19
2014.04.10 01:23:32.856,1.58706,1.58742,1.19,1.19
2014.04.10 01:23:33.883,1.58704,1.58742,1.19,1.19
2014.04.10 01:23:35.876,1.58705,1.58743,1.19,2.07
2014.04.10 01:23:37.977,1.58704,1.5874,1.19,1.19
2014.04.10 01:23:38.881,1.58704,1.58742,1.19,1.69
2014.04.10 01:23:39.935,1.58707,1.58742,1.19,1.69
2014.04.10 01:23:40.924,1.58707,1.58742,1.19,1.69
2014.04.10 01:23:42.005,1.58705,1.58742,1.19,1.69
2014.04.10 01:23:42.909,1.58705,1.58742,1.19,1.19
2014.04.10 01:23:43.915,1.58705,1.58742,1.19,1.19
2014.04.10 01:23:44.985,1.58705,1.58742,1.19,1.19
2014.04.10 01:23:48.000,1.58708,1.58742,1.19,1.19
2014.04.10 01:23:53.028,1.58706,1.58742,1.19,1.19
2014.04.10 01:23:55.037,1.58708,1.58742,1.19,1.19
2014.04.10 01:23:57.018,1.58706,1.58742,1.19,1.19
2014.04.10 01:23:57.353,1.58706,1.58735,1.19,1.00
2014.04.10 01:23:57.455,1.58706,1.58739,1.19,1.25
2014.04.10 01:23:58.024,1.58705,1.58739,1.19,1.19
2014.04.10 01:23:59.030,1.58704,1.58739,1.19,1.19
2014.04.10 01:24:03.048,1.58706,1.58739,1.19,1.19
2014.04.10 01:24:04.104,1.58704,1.58739,1.69,1.19
2014.04.10 01:24:05.094,1.58708,1.58741,1.19,1.19
2014.04.10 01:24:06.068,1.58709,1.58741,1.19,1.00
2014.04.10 01:24:06.682,1.58709,1.58745,1.19,1.19
2014.04.10 01:24:07.283,1.58711,1.58745,1.19,1.19
2014.04.10 01:24:08.078,1.58711,1.58745,1.19,1.19
2014.04.10 01:24:09.085,1.58712,1.58745,1.19,1.19
2014.04.10 01:24:14.080,1.58713,1.58746,1.19,1.19
2014.04.10 01:24:14.953,1.58713,1.58742,1.19,1.00
2014.04.10 01:24:15.486,1.58707,1.58742,1.19,1.69
2014.04.10 01:24:16.492,1.58708,1.58742,1.19,1.19
2014.04.10 01:24:18.935,1.58709,1.58742,1.19,1.19
2014.04.10 01:24:22.020,1.58708,1.58742,1.19,1.19
2014.04.10 01:24:25.652,1.58707,1.5874,1.19,1.19
2014.04.10 01:24:26.866,1.58711,1.58742,1.19,1.19
2014.04.10 01:24:34.994,1.5871,1.58742,1.19,1.25
2014.04.10 01:24:37.040,1.5871,1.58742,1.19,1.19
2014.04.10 01:24:39.980,1.5871,1.58745,1.19,2.07
2014.04.10 01:24:41.026,1.58708,1.58743,1.19,1.19
2014.04.10 01:24:42.021,1.58706,1.58741,1.19,1.19
2014.04.10 01:24:43.010,1.58703,1.5874,1.19,1.19
2014.04.10 01:24:44.003,1.58703,1.58738,1.19,1.19
2014.04.10 01:24:47.131,1.58703,1.58737,1.19,1.19
2014.04.10 01:24:49.956,1.58697,1.58734,1.19,1.19
2014.04.10 01:24:51.039,1.587,1.58734,1.19,1.19
2014.04.10 01:24:52.256,1.587,1.58735,1.19,1.69
2014.04.10 01:24:53.120,1.58701,1.58735,1.19,1.69
2014.04.10 01:24:54.125,1.58698,1.58733,1.19,1.19
2014.04.10 01:24:55.131,1.58699,1.58733,1.19,1.19
2014.04.10 01:24:56.150,1.58697,1.58734,1.19,1.19
2014.04.10 01:24:57.144,1.58699,1.58734,1.19,1.19
2014.04.10 01:25:00.059,1.587,1.58734,1.19,1.19
2014.04.10 01:25:01.070,1.58699,1.58735,1.19,1.19
2014.04.10 01:25:02.084,1.58698,1.58734,1.19,1.69
2014.04.10 01:25:03.077,1.58698,1.58733,1.19,1.19
2014.04.10 01:25:07.125,1.58698,1.58732,1.19,1.19
2014.04.10 01:25:08.096,1.58699,1.58733,1.19,1.19
2014.04.10 01:25:09.135,1.58698,1.58734,1.19,2.44
2014.04.10 01:25:10.112,1.58697,1.58734,1.19,2.44
2014.04.10 01:25:11.140,1.58697,1.58732,1.19,1.19
2014.04.10 01:25:12.162,1.58696,1.58733,1.19,1.19
2014.04.10 01:25:16.108,1.58698,1.58734,1.19,1.69
2014.04.10 01:25:19.131,1.587,1.58734,1.19,1.19
2014.04.10 01:25:21.240,1.58699,1.58735,1.19,2.44
2014.04.10 01:25:21.578,1.58707,1.58735,1.00,1.19
2014.04.10 01:25:21.788,1.58709,1.58742,1.19,1.19
2014.04.10 01:25:22.754,1.58712,1.58742,1.19,1.25
2014.04.10 01:25:24.187,1.58713,1.58742,1.19,1.00
2014.04.10 01:25:24.892,1.58713,1.58748,1.19,1.69
2014.04.10 01:25:25.210,1.58717,1.58751,1.19,1.19
2014.04.10 01:25:27.104,1.58718,1.58751,1.19,1.19
2014.04.10 01:25:28.109,1.58717,1.58751,1.19,1.19
2014.04.10 01:25:29.115,1.58715,1.58751,1.19,1.19
2014.04.10 01:25:31.325,1.58718,1.58751,1.19,1.19
2014.04.10 01:25:32.276,1.58722,1.58751,1.19,1.00
2014.04.10 01:25:32.377,1.58722,1.58759,1.19,1.69
2014.04.10 01:25:33.491,1.58723,1.58759,1.19,1.19
2014.04.10 01:25:34.448,1.58722,1.58759,1.19,1.69
2014.04.10 01:25:35.494,1.58726,1.58759,1.19,1.19
2014.04.10 01:25:36.486,1.58723,1.58759,1.19,1.19
2014.04.10 01:25:38.236,1.58723,1.58756,1.19,1.00
2014.04.10 01:25:38.751,1.58722,1.58756,1.19,1.25
2014.04.10 01:25:39.458,1.58723,1.58759,1.19,1.19
2014.04.10 01:25:40.491,1.58722,1.58759,1.19,1.19
2014.04.10 01:25:41.479,1.58723,1.58759,1.19,1.19
2014.04.10 01:25:42.505,1.58722,1.58759,1.19,1.19
2014.04.10 01:25:43.539,1.58721,1.58759,1.19,1.69
2014.04.10 01:25:44.503,1.58721,1.58758,1.19,1.19
2014.04.10 01:25:46.514,1.58718,1.58753,1.19,1.19
2014.04.10 01:25:47.534,1.5872,1.58754,1.19,1.19
2014.04.10 01:25:48.504,1.58719,1.58754,1.19,1.19
2014.04.10 01:25:49.422,1.58719,1.58746,1.19,1.00
2014.04.10 01:25:49.523,1.58715,1.58746,1.19,1.00
2014.04.10 01:25:50.191,1.58715,1.58752,1.19,1.19
2014.04.10 01:25:50.521,1.58717,1.58752,1.19,1.19
2014.04.10 01:25:51.529,1.58719,1.58754,1.19,1.69
2014.04.10 01:25:52.229,1.58719,1.58747,1.19,1.00
2014.04.10 01:25:52.538,1.58719,1.58738,1.19,1.00
2014.04.10 01:25:52.588,1.58709,1.58738,1.19,1.00
2014.04.10 01:25:52.639,1.58717,1.58746,1.00,1.19
2014.04.10 01:25:53.828,1.58717,1.58747,1.19,1.19
2014.04.10 01:25:54.800,1.58717,1.58747,1.69,1.25
2014.04.10 01:25:55.806,1.58717,1.58747,1.19,1.25
2014.04.10 01:25:56.810,1.58719,1.58753,1.19,1.54
2014.04.10 01:25:57.816,1.58718,1.58754,1.19,2.29
2014.04.10 01:25:58.821,1.58719,1.58754,1.19,3.04
2014.04.10 01:26:00.833,1.58718,1.58752,1.19,1.32
2014.04.10 01:26:02.851,1.58717,1.58737,1.19,1.00
2014.04.10 01:26:02.952,1.58711,1.58737,1.19,1.38
2014.04.10 01:26:03.154,1.58711,1.58737,1.19,1.00
2014.04.10 01:26:03.255,1.58711,1.58742,1.19,1.00
2014.04.10 01:26:03.757,1.58711,1.58748,1.19,1.69
2014.04.10 01:26:04.172,1.58716,1.58748,1.19,1.19
2014.04.10 01:26:05.136,1.58718,1.58754,1.19,1.72
2014.04.10 01:26:06.135,1.58717,1.58754,1.19,1.72
2014.04.10 01:26:08.895,1.58717,1.58747,1.19,1.00
2014.04.10 01:26:09.113,1.58717,1.58752,1.19,1.00
2014.04.10 01:26:09.164,1.58719,1.58752,1.19,1.19
2014.04.10 01:26:10.180,1.58717,1.58752,1.19,1.19
2014.04.10 01:26:11.176,1.58717,1.58752,1.19,1.19
2014.04.10 01:26:13.177,1.58716,1.58752,1.19,1.19
2014.04.10 01:26:15.211,1.58717,1.58753,1.19,1.19
2014.04.10 01:26:19.245,1.58718,1.58753,1.19,1.19
2014.04.10 01:26:20.252,1.58718,1.58753,1.19,1.19
2014.04.10 01:26:22.227,1.58717,1.58753,1.19,1.19
2014.04.10 01:26:24.282,1.58718,1.58753,1.19,1.19
2014.04.10 01:26:26.082,1.58718,1.58744,1.19,1.00
2014.04.10 01:26:26.414,1.58712,1.58739,1.19,1.38
2014.04.10 01:26:26.465,1.58712,1.58743,1.19,2.25
2014.04.10 01:26:26.566,1.58712,1.58749,1.19,1.19
2014.04.10 01:26:27.252,1.58717,1.58755,1.19,1.75
2014.04.10 01:26:28.778,1.58718,1.58755,1.19,2.25
2014.04.10 01:26:29.780,1.58721,1.58755,1.19,1.75
2014.04.10 01:26:30.797,1.58719,1.58755,1.19,1.75
2014.04.10 01:26:31.762,1.58718,1.58755,1.19,1.75
2014.04.10 01:26:33.764,1.58722,1.58755,1.19,1.75
2014.04.10 01:26:34.773,1.58723,1.58755,1.19,1.75
2014.04.10 01:26:37.782,1.58723,1.58754,1.19,1.00
2014.04.10 01:26:38.792,1.58721,1.58754,1.19,1.00
2014.04.10 01:26:39.150,1.58721,1.58748,1.19,1.00
2014.04.10 01:26:39.201,1.58719,1.58748,1.19,1.63
2014.04.10 01:26:40.285,1.5871,1.58745,1.69,1.32
2014.04.10 01:26:43.251,1.58712,1.58746,1.19,1.69
2014.04.10 01:26:44.241,1.58712,1.58746,1.19,1.19
2014.04.10 01:26:45.259,1.58716,1.5875,1.69,1.69
2014.04.10 01:26:46.224,1.58716,1.5875,1.69,1.19
2014.04.10 01:26:47.230,1.58716,1.5875,1.69,1.19
2014.04.10 01:26:50.304,1.58716,1.5875,1.19,1.19
2014.04.10 01:26:51.309,1.58717,1.5875,1.19,1.19
2014.04.10 01:26:54.881,1.58718,1.58749,1.19,1.57
2014.04.10 01:26:55.644,1.58718,1.58749,1.19,2.07
2014.04.10 01:26:55.832,1.58712,1.58749,1.19,2.82
2014.04.10 01:26:56.837,1.58711,1.58747,1.19,1.57
2014.04.10 01:26:57.841,1.5871,1.58747,1.69,1.57
2014.04.10 01:26:59.000,1.58706,1.5874,1.19,1.19
2014.04.10 01:27:05.047,1.58706,1.5874,1.19,1.19
2014.04.10 01:27:06.391,1.58712,1.58744,1.19,2.07
2014.04.10 01:27:07.364,1.58718,1.58743,1.19,1.38
2014.04.10 01:27:08.370,1.58719,1.58743,1.19,1.38
2014.04.10 01:27:10.378,1.58716,1.58743,1.19,1.88
2014.04.10 01:27:11.730,1.58716,1.58744,1.19,1.38
2014.04.10 01:27:12.417,1.5872,1.58743,1.19,1.38
2014.04.10 01:27:14.441,1.58721,1.58744,1.19,1.38
2014.04.10 01:27:15.455,1.5872,1.58744,1.19,1.38
2014.04.10 01:27:16.134,1.5872,1.58743,1.19,1.00
2014.04.10 01:27:16.185,1.5872,1.58752,1.19,1.57
2014.04.10 01:27:16.440,1.5872,1.58747,1.19,1.38
2014.04.10 01:27:16.490,1.58718,1.58747,1.19,1.38
2014.04.10 01:27:16.729,1.58718,1.58749,1.19,1.19
2014.04.10 01:27:17.468,1.58722,1.58754,1.19,2.07
2014.04.10 01:27:17.576,1.5872,1.58754,1.19,2.07
2014.04.10 01:27:18.139,1.5872,1.58753,1.19,1.57
2014.04.10 01:27:18.580,1.58716,1.58747,1.19,1.57
2014.04.10 01:27:20.591,1.58718,1.58747,1.19,1.63
2014.04.10 01:27:23.610,1.58716,1.58744,1.19,1.13
2014.04.10 01:27:25.590,1.58719,1.58744,1.19,1.13
2014.04.10 01:27:27.603,1.5872,1.58744,1.19,1.13
2014.04.10 01:27:28.608,1.58721,1.58744,1.19,1.13
2014.04.10 01:27:30.539,1.58721,1.58742,1.19,1.00
2014.04.10 01:27:30.650,1.58719,1.58749,1.19,1.38
2014.04.10 01:27:30.701,1.58719,1.58749,1.19,1.00
2014.04.10 01:27:30.751,1.58719,1.58746,1.19,1.00
2014.04.10 01:27:31.272,1.58719,1.58747,1.19,1.00
2014.04.10 01:27:31.574,1.58719,1.58747,1.19,1.88
2014.04.10 01:27:32.104,1.58718,1.58747,1.19,2.07
2014.04.10 01:27:32.637,1.58714,1.58745,1.19,1.38
2014.04.10 01:27:34.743,1.58714,1.58745,1.19,1.57
2014.04.10 01:27:35.146,1.58718,1.58747,1.19,1.38
2014.04.10 01:27:35.467,1.58718,1.58746,1.19,2.82
2014.04.10 01:27:36.014,1.58718,1.58746,1.19,2.07
2014.04.10 01:27:36.269,1.58715,1.58746,1.19,2.82
2014.04.10 01:27:36.421,1.58715,1.58738,1.19,1.00
2014.04.10 01:27:36.858,1.58722,1.58738,1.19,1.00
2014.04.10 01:27:37.185,1.58722,1.58743,1.19,1.00
2014.04.10 01:27:37.765,1.58723,1.58743,1.19,1.00
2014.04.10 01:27:38.773,1.58721,1.58743,1.19,1.00
2014.04.10 01:27:41.250,1.58721,1.58737,1.19,1.00
2014.04.10 01:27:41.301,1.58716,1.58737,1.19,1.00
2014.04.10 01:27:42.337,1.58714,1.58737,1.19,1.00
2014.04.10 01:27:43.327,1.58719,1.58737,1.19,1.00
2014.04.10 01:27:44.324,1.58716,1.58737,1.19,1.00
2014.04.10 01:27:45.306,1.58717,1.58737,1.19,1.00
2014.04.10 01:27:45.657,1.58719,1.58742,1.19,1.00
2014.04.10 01:27:45.786,1.58719,1.58745,1.19,1.25
2014.04.10 01:27:46.221,1.58727,1.5875,1.19,1.00
2014.04.10 01:27:47.225,1.58728,1.5875,1.19,1.00
2014.04.10 01:27:49.213,1.5873,1.5875,1.19,1.00
2014.04.10 01:27:50.252,1.58723,1.5875,1.19,1.00
2014.04.10 01:27:50.388,1.58723,1.58745,1.19,1.00
2014.04.10 01:27:51.246,1.58717,1.58745,1.19,1.00
2014.04.10 01:27:53.936,1.58719,1.58745,1.19,1.00
2014.04.10 01:27:54.660,1.5872,1.58745,1.19,1.00
2014.04.10 01:27:55.645,1.58719,1.58745,1.19,1.00
2014.04.10 01:27:56.175,1.58714,1.58745,1.19,1.00
2014.04.10 01:27:58.833,1.58717,1.58745,1.19,1.00
2014.04.10 01:27:59.764,1.5872,1.58745,1.19,1.00
2014.04.10 01:28:00.820,1.58714,1.58745,1.19,1.00
2014.04.10 01:28:01.723,1.58713,1.58741,1.99,1.00
2014.04.10 01:28:02.091,1.58715,1.58741,1.19,1.00
2014.04.10 01:28:02.811,1.58719,1.58741,1.19,1.00
2014.04.10 01:28:03.890,1.58719,1.58738,1.19,1.00
2014.04.10 01:28:04.826,1.58716,1.58738,1.19,1.00
2014.04.10 01:28:05.800,1.58718,1.58738,1.19,1.00
2014.04.10 01:28:06.801,1.58715,1.58738,1.19,1.00
2014.04.10 01:28:07.812,1.58719,1.58738,1.19,1.00
2014.04.10 01:28:08.793,1.58717,1.58738,1.19,1.00
2014.04.10 01:28:10.912,1.5871,1.58738,1.34,1.13
2014.04.10 01:28:10.963,1.5871,1.58732,1.34,1.00
2014.04.10 01:28:11.400,1.5871,1.58726,1.19,1.00
2014.04.10 01:28:11.551,1.58703,1.58726,1.79,1.00
2014.04.10 01:28:12.555,1.58706,1.58726,1.19,1.00
2014.04.10 01:28:12.917,1.58706,1.58733,1.69,1.00
2014.04.10 01:28:12.968,1.58707,1.58733,1.19,1.00
2014.04.10 01:28:13.069,1.58709,1.58739,1.19,1.00
2014.04.10 01:28:13.645,1.58713,1.58739,1.00,1.00
2014.04.10 01:28:14.075,1.58715,1.58739,1.19,1.00
2014.04.10 01:28:15.071,1.58713,1.58739,1.19,1.00
2014.04.10 01:28:16.055,1.58712,1.58739,1.19,1.00
2014.04.10 01:28:16.760,1.58712,1.58733,1.19,1.00
2014.04.10 01:28:17.114,1.5871,1.58733,1.19,1.00
2014.04.10 01:28:18.219,1.58708,1.58733,1.19,1.00
2014.04.10 01:28:19.839,1.58704,1.58733,1.19,1.00
2014.04.10 01:28:23.003,1.587,1.58733,1.19,1.19
2014.04.10 01:28:23.970,1.5869,1.58733,2.47,1.00
2014.04.10 01:28:24.534,1.58691,1.58733,2.46,1.00
2014.04.10 01:28:27.477,1.58696,1.58733,1.60,1.00
2014.04.10 01:28:32.271,1.58696,1.58733,1.60,1.00
2014.04.10 01:28:32.379,1.58696,1.5873,1.60,1.00
2014.04.10 01:28:33.278,1.58696,1.5873,1.60,1.00
2014.04.10 01:28:33.983,1.58696,1.5873,1.83,1.00
2014.04.10 01:28:36.713,1.58691,1.5873,1.43,1.00
2014.04.10 01:28:37.408,1.5869,1.5873,2.01,1.00
2014.04.10 01:28:38.333,1.587,1.5873,1.10,1.38
2014.04.10 01:28:38.434,1.587,1.58723,1.10,1.00
2014.04.10 01:28:39.058,1.58691,1.58723,1.33,1.00
2014.04.10 01:28:40.739,1.587,1.58723,1.10,1.00
2014.04.10 01:28:41.242,1.58688,1.58723,1.75,1.00
2014.04.10 01:28:41.550,1.58692,1.58723,1.98,1.00
2014.04.10 01:28:41.853,1.58691,1.58723,1.00,1.00
2014.04.10 01:28:41.904,1.58691,1.58723,1.60,1.00
2014.04.10 01:28:43.159,1.58691,1.58717,1.30,1.00
2014.04.10 01:28:44.620,1.58687,1.58717,2.18,1.00
2014.04.10 01:28:45.164,1.58687,1.58717,2.18,1.00
2014.04.10 01:28:45.708,1.58687,1.58717,1.58,1.00
2014.04.10 01:28:46.179,1.58687,1.58717,1.80,1.00
2014.04.10 01:28:46.721,1.58687,1.58717,1.80,1.00
2014.04.10 01:28:46.778,1.58693,1.58717,1.00,1.00
2014.04.10 01:28:47.392,1.58687,1.58717,1.43,1.00
2014.04.10 01:28:48.021,1.58691,1.58717,1.15,1.00
2014.04.10 01:28:48.402,1.58696,1.58717,1.00,1.00
2014.04.10 01:28:48.975,1.58691,1.58717,1.08,1.00
2014.04.10 01:28:49.935,1.58691,1.58717,1.97,1.00
2014.04.10 01:28:50.547,1.58702,1.58723,1.00,1.00
2014.04.10 01:29:02.959,1.58699,1.58723,1.00,1.00
2014.04.10 01:29:03.220,1.58699,1.58734,1.00,1.38
2014.04.10 01:29:03.271,1.58699,1.58734,1.00,1.00
2014.04.10 01:29:07.333,1.58688,1.58734,1.60,1.00
2014.04.10 01:29:09.847,1.58688,1.58734,1.70,1.00
2014.04.10 01:29:14.568,1.58697,1.58734,1.20,1.00
2014.04.10 01:29:15.076,1.58697,1.58734,1.60,1.00
2014.04.10 01:29:16.668,1.58697,1.58734,1.00,1.00
2014.04.10 01:29:16.971,1.58697,1.58728,1.00,1.00
2014.04.10 01:29:17.272,1.58697,1.58722,1.00,1.00
2014.04.10 01:29:17.373,1.58687,1.58718,1.05,1.00
2014.04.10 01:29:17.474,1.58681,1.58718,1.00,1.00
2014.04.10 01:29:17.575,1.58672,1.58718,1.00,1.19
2014.04.10 01:29:17.676,1.58666,1.58714,1.00,1.00
2014.04.10 01:29:17.726,1.58662,1.58698,1.00,1.00
2014.04.10 01:29:18.126,1.58653,1.58698,1.00,1.00
2014.04.10 01:29:18.827,1.58656,1.58698,1.00,1.00
2014.04.10 01:29:19.459,1.58656,1.58692,1.00,1.00
2014.04.10 01:29:19.610,1.58648,1.58685,1.00,1.00
2014.04.10 01:29:19.661,1.58664,1.58685,1.00,1.00
2014.04.10 01:29:19.712,1.58664,1.58693,1.00,1.00
2014.04.10 01:29:19.812,1.58641,1.58693,1.00,1.00
2014.04.10 01:29:19.914,1.58641,1.58687,1.00,1.00
2014.04.10 01:29:20.146,1.58637,1.58687,1.00,1.50
2014.04.10 01:29:20.247,1.58637,1.58676,1.00,1.00
2014.04.10 01:29:20.779,1.58637,1.58665,1.00,1.00
2014.04.10 01:29:22.108,1.58634,1.58665,1.00,1.00
2014.04.10 01:29:22.451,1.5863,1.58665,1.00,1.00
2014.04.10 01:29:22.551,1.58629,1.5866,1.00,1.00
2014.04.10 01:29:22.888,1.58646,1.5866,1.00,1.00
2014.04.10 01:29:24.451,1.58656,1.58668,1.00,1.38
2014.04.10 01:29:24.660,1.58633,1.5866,1.00,1.00
2014.04.10 01:29:24.919,1.58629,1.5866,1.00,1.00
2014.04.10 01:29:24.970,1.58629,1.58667,1.00,1.13
2014.04.10 01:29:25.021,1.58627,1.58667,1.00,1.00
2014.04.10 01:29:25.071,1.58627,1.58661,1.00,1.00
2014.04.10 01:29:25.374,1.58647,1.58661,1.00,1.00
2014.04.10 01:29:26.393,1.58647,1.58665,1.00,1.00
2014.04.10 01:29:28.859,1.58647,1.58658,1.00,1.00
2014.04.10 01:29:30.420,1.58644,1.58658,1.00,1.38
2014.04.10 01:29:30.729,1.58641,1.58653,1.00,1.00
2014.04.10 01:29:30.830,1.58626,1.5866,1.00,1.13
2014.04.10 01:29:31.385,1.58637,1.5866,1.00,1.00
2014.04.10 01:29:32.342,1.58637,1.58666,1.00,1.00
2014.04.10 01:29:32.443,1.58637,1.58671,1.00,1.00
2014.04.10 01:29:32.594,1.58647,1.58671,1.00,1.00
2014.04.10 01:29:32.907,1.58657,1.58677,1.00,1.00
2014.04.10 01:29:33.318,1.58647,1.58677,1.00,1.00
2014.04.10 01:29:34.198,1.58647,1.58672,1.00,1.00
2014.04.10 01:29:34.792,1.58647,1.58679,1.00,1.00
2014.04.10 01:29:35.324,1.58647,1.58684,1.00,1.00
2014.04.10 01:29:36.837,1.58636,1.58684,1.00,1.00
2014.04.10 01:29:38.647,1.58646,1.58684,1.00,1.00
2014.04.10 01:29:39.367,1.58636,1.58684,1.25,1.00
2014.04.10 01:29:39.587,1.58646,1.58684,1.00,1.00
2014.04.10 01:29:39.839,1.58646,1.58691,1.00,1.00
2014.04.10 01:29:40.577,1.58626,1.58691,2.14,1.00
2014.04.10 01:29:40.930,1.58629,1.5869,1.00,1.00
2014.04.10 01:29:41.928,1.58629,1.5869,1.00,1.19
2014.04.10 01:29:42.954,1.58629,1.5869,1.00,1.19
2014.04.10 01:29:43.958,1.58629,1.58702,1.00,1.19
2014.04.10 01:29:44.360,1.58637,1.58701,1.00,1.19
2014.04.10 01:29:44.717,1.58647,1.58705,1.00,1.19
2014.04.10 01:29:44.978,1.58647,1.58713,1.00,1.19
2014.04.10 01:29:45.953,1.58647,1.58713,1.00,1.19
2014.04.10 01:29:46.668,1.58637,1.58719,1.42,1.19
2014.04.10 01:29:46.769,1.58637,1.58726,1.92,1.23
2014.04.10 01:29:47.804,1.58637,1.58726,1.42,1.23
2014.04.10 01:29:51.154,1.58637,1.58726,1.42,1.23
2014.04.10 01:29:51.578,1.58647,1.58739,1.00,1.23
2014.04.10 01:29:58.440,1.58636,1.58739,1.23,1.72
2014.04.10 01:29:58.591,1.58636,1.58718,1.50,1.00
2014.04.10 01:29:58.895,1.58636,1.58726,1.20,1.45
2014.04.10 01:29:58.995,1.58636,1.58735,1.00,1.00
2014.04.10 01:29:59.058,1.58636,1.58741,1.00,1.00
2014.04.10 01:30:00.327,1.58627,1.58733,1.00,1.00
2014.04.10 01:30:00.450,1.58636,1.58741,1.00,1.00
2014.04.10 01:30:00.647,1.58626,1.58734,1.00,1.00
2014.04.10 01:30:01.670,1.58617,1.58723,1.00,1.00
2014.04.10 01:30:01.994,1.58617,1.58679,1.00,1.00
2014.04.10 01:30:02.096,1.58617,1.58685,1.00,1.00
2014.04.10 01:30:02.147,1.58617,1.58691,1.00,1.00
2014.04.10 01:30:02.248,1.58617,1.58721,1.00,1.00
2014.04.10 01:30:02.299,1.58617,1.58723,1.00,1.00
2014.04.10 01:30:02.699,1.58617,1.58709,1.00,1.00
2014.04.10 01:30:03.001,1.58609,1.58686,1.00,1.00
2014.04.10 01:30:03.326,1.58609,1.58686,1.00,1.69
2014.04.10 01:30:04.350,1.5861,1.58664,1.00,1.00
2014.04.10 01:30:04.452,1.58578,1.5867,1.38,1.00
2014.04.10 01:30:04.554,1.58578,1.58668,1.38,1.00
2014.04.10 01:30:04.706,1.58578,1.5867,1.38,1.00
2014.04.10 01:30:04.757,1.58578,1.58635,1.00,1.00
2014.04.10 01:30:04.908,1.58591,1.58674,1.00,1.15
2014.04.10 01:30:05.009,1.58595,1.58663,1.00,1.00
2014.04.10 01:30:05.321,1.58591,1.58624,1.00,1.00
2014.04.10 01:30:05.422,1.58579,1.58624,1.38,1.00
2014.04.10 01:30:05.531,1.58579,1.58624,1.00,1.00
2014.04.10 01:30:05.903,1.58579,1.58613,1.00,1.00
2014.04.10 01:30:06.004,1.58575,1.58613,1.00,1.00
2014.04.10 01:30:06.105,1.58575,1.58592,1.00,1.00
2014.04.10 01:30:06.206,1.58548,1.58584,1.57,1.00
2014.04.10 01:30:06.307,1.58548,1.58584,1.19,1.10
2014.04.10 01:30:06.357,1.58543,1.58573,1.19,1.00
2014.04.10 01:30:06.458,1.58527,1.5857,1.00,1.19
2014.04.10 01:30:06.668,1.58516,1.5857,1.00,1.19
2014.04.10 01:30:06.870,1.58516,1.58574,1.00,1.00
2014.04.10 01:30:07.590,1.58509,1.5859,1.24,1.49
2014.04.10 01:30:07.792,1.58523,1.58593,1.19,1.00
2014.04.10 01:30:07.842,1.58546,1.58622,1.00,1.87
2014.04.10 01:30:07.893,1.58546,1.58617,1.00,1.05
2014.04.10 01:30:07.994,1.58546,1.58624,1.00,1.13
2014.04.10 01:30:08.045,1.58546,1.58624,1.38,1.00
2014.04.10 01:30:08.347,1.58557,1.58617,1.00,1.19
2014.04.10 01:30:08.398,1.58546,1.58614,1.00,1.19
2014.04.10 01:30:08.499,1.58557,1.58603,1.00,1.19
2014.04.10 01:30:08.550,1.58517,1.58603,1.19,1.19
2014.04.10 01:30:08.761,1.58531,1.5859,1.19,1.19
2014.04.10 01:30:09.376,1.58546,1.5859,1.00,1.19
2014.04.10 01:30:09.427,1.58546,1.58597,1.19,1.19
2014.04.10 01:30:09.529,1.58551,1.58618,1.19,1.19
2014.04.10 01:30:09.631,1.58573,1.58622,1.00,1.19
2014.04.10 01:30:09.731,1.58578,1.58651,1.00,1.90
2014.04.10 01:30:09.832,1.58582,1.58651,1.69,1.52
2014.04.10 01:30:09.883,1.58582,1.58674,1.84,1.15
2014.04.10 01:30:10.034,1.58597,1.58674,1.19,1.15
2014.04.10 01:30:10.286,1.58597,1.58674,1.19,1.00
2014.04.10 01:30:10.404,1.58597,1.58681,1.19,1.38
2014.04.10 01:30:10.455,1.58597,1.58681,1.42,1.00
2014.04.10 01:30:10.840,1.586,1.5867,1.19,1.00
2014.04.10 01:30:11.521,1.586,1.5867,1.19,1.00
2014.04.10 01:30:11.852,1.58598,1.58665,1.32,1.00
2014.04.10 01:30:12.158,1.5859,1.58624,1.00,1.30
2014.04.10 01:30:12.259,1.58542,1.58621,3.75,1.30
2014.04.10 01:30:12.360,1.5853,1.586,1.23,1.00
2014.04.10 01:30:12.665,1.58529,1.58591,2.46,1.19
2014.04.10 01:30:12.816,1.58542,1.586,1.64,1.19
2014.04.10 01:30:12.917,1.5855,1.58604,1.00,1.19
2014.04.10 01:30:13.264,1.58542,1.58604,1.57,1.19
2014.04.10 01:30:13.920,1.58546,1.58606,1.19,1.19
2014.04.10 01:30:14.591,1.58548,1.5861,1.19,1.19
2014.04.10 01:30:14.843,1.58548,1.58606,1.19,1.87
2014.04.10 01:30:15.417,1.58548,1.586,1.19,1.00
2014.04.10 01:30:15.469,1.58543,1.586,1.19,1.19
2014.04.10 01:30:15.759,1.58576,1.58604,1.00,1.27
2014.04.10 01:30:15.960,1.58543,1.58604,1.19,1.27
2014.04.10 01:30:16.168,1.58543,1.58602,1.19,1.77
2014.04.10 01:30:16.369,1.58543,1.58604,1.19,2.66
2014.04.10 01:30:16.813,1.58541,1.58595,1.19,1.00
2014.04.10 01:30:17.342,1.58541,1.58604,1.57,1.64
2014.04.10 01:30:17.443,1.58546,1.58604,1.19,2.43
2014.04.10 01:30:17.594,1.58541,1.58598,1.19,1.25
2014.04.10 01:30:18.127,1.58547,1.58598,1.19,1.00
2014.04.10 01:30:18.573,1.58547,1.58609,1.19,1.38
2014.04.10 01:30:18.674,1.58547,1.58612,1.19,1.60
2014.04.10 01:30:18.774,1.58547,1.58612,1.57,1.00
2014.04.10 01:30:18.825,1.58566,1.5862,1.57,1.23
2014.04.10 01:30:18.926,1.5858,1.58625,1.00,1.37
2014.04.10 01:30:19.027,1.5858,1.58627,1.00,1.49
2014.04.10 01:30:19.128,1.5858,1.58614,1.00,1.19
2014.04.10 01:30:19.394,1.58552,1.58612,1.19,1.19
2014.04.10 01:30:20.361,1.58546,1.58616,1.19,1.19
2014.04.10 01:30:20.846,1.58545,1.58606,1.19,1.19
2014.04.10 01:30:21.821,1.58545,1.58603,1.19,1.19
2014.04.10 01:30:22.868,1.58547,1.58604,1.19,1.19
2014.04.10 01:30:23.580,1.58541,1.58596,1.19,1.19
2014.04.10 01:30:24.578,1.58547,1.58592,1.19,1.19
2014.04.10 01:30:25.787,1.58547,1.58586,1.19,1.93
2014.04.10 01:30:25.911,1.58534,1.58578,1.19,1.05
2014.04.10 01:30:26.228,1.58534,1.58572,1.19,1.00
2014.04.10 01:30:26.581,1.58534,1.58583,1.19,1.29
2014.04.10 01:30:27.414,1.58536,1.5858,1.19,1.19
2014.04.10 01:30:28.011,1.58536,1.58583,1.19,1.19
2014.04.10 01:30:28.297,1.58536,1.58573,1.19,1.00
2014.04.10 01:30:29.011,1.58538,1.58573,1.19,1.00
2014.04.10 01:30:30.172,1.58538,1.58579,1.19,1.00
2014.04.10 01:30:30.273,1.58539,1.58571,1.19,1.00
2014.04.10 01:30:30.645,1.58527,1.5857,1.19,1.00
2014.04.10 01:30:31.527,1.58533,1.5857,1.19,1.00
2014.04.10 01:30:32.458,1.58535,1.5857,1.19,1.00
2014.04.10 01:30:32.559,1.58535,1.58573,1.19,1.00
2014.04.10 01:30:33.360,1.58535,1.58578,1.19,1.00
2014.04.10 01:30:33.936,1.58535,1.58577,1.19,1.00
2014.04.10 01:30:34.093,1.58539,1.58577,1.19,1.00
2014.04.10 01:30:34.466,1.58539,1.58583,1.19,1.25
2014.04.10 01:30:34.663,1.58539,1.58577,1.19,1.00
2014.04.10 01:30:34.872,1.58539,1.58585,1.19,1.57
2014.04.10 01:30:35.144,1.5854,1.58585,1.19,1.00
2014.04.10 01:30:36.045,1.5854,1.58585,1.19,1.25
2014.04.10 01:30:36.096,1.5854,1.58581,1.19,1.00
2014.04.10 01:30:36.661,1.5854,1.5858,1.19,1.00
2014.04.10 01:30:36.989,1.5854,1.58585,1.19,1.25
2014.04.10 01:30:37.039,1.58543,1.58585,1.19,1.00
2014.04.10 01:30:37.543,1.58544,1.58592,1.19,1.19
2014.04.10 01:30:37.644,1.58549,1.58602,1.19,1.19
2014.04.10 01:30:37.745,1.58556,1.58602,1.19,1.00
2014.04.10 01:30:38.281,1.58556,1.58601,1.19,1.00
2014.04.10 01:30:38.534,1.58553,1.58601,1.19,1.00
2014.04.10 01:30:40.563,1.58552,1.58601,1.19,1.00
2014.04.10 01:30:41.953,1.58551,1.58601,1.19,1.00
2014.04.10 01:30:42.761,1.5855,1.58601,1.19,1.00
2014.04.10 01:30:44.351,1.58556,1.58603,1.19,1.00
2014.04.10 01:30:44.403,1.58566,1.58603,1.19,1.00
2014.04.10 01:30:44.460,1.586,1.58624,1.00,1.57
2014.04.10 01:30:44.511,1.58623,1.58648,1.00,1.38
2014.04.10 01:30:44.611,1.5864,1.58665,1.00,1.19
2014.04.10 01:30:44.712,1.58643,1.58668,1.00,2.69
2014.04.10 01:30:44.915,1.58666,1.58704,1.19,1.19
2014.04.10 01:30:45.016,1.58678,1.58726,1.19,1.19
2014.04.10 01:30:45.117,1.58678,1.58742,1.19,1.19
2014.04.10 01:30:45.268,1.58678,1.58741,1.19,1.46
2014.04.10 01:30:45.771,1.58678,1.58738,1.19,1.87
2014.04.10 01:30:46.231,1.58674,1.58735,1.19,1.05
2014.04.10 01:30:47.438,1.58674,1.58739,1.19,2.59
2014.04.10 01:30:47.701,1.58667,1.58736,1.19,1.09
2014.04.10 01:30:48.215,1.58658,1.58738,1.34,1.72
2014.04.10 01:30:48.397,1.58658,1.58734,1.19,1.87
2014.04.10 01:30:49.050,1.58658,1.58738,1.42,2.29
2014.04.10 01:30:49.224,1.58656,1.58738,1.42,1.79
2014.04.10 01:30:49.456,1.58656,1.58741,2.13,1.72
2014.04.10 01:30:49.860,1.58658,1.58741,1.42,1.79
2014.04.10 01:30:50.061,1.58658,1.58739,1.42,1.79
2014.04.10 01:30:50.162,1.58653,1.58735,1.42,1.79
2014.04.10 01:30:50.473,1.58653,1.58731,1.29,1.64
2014.04.10 01:30:50.796,1.58655,1.58721,1.00,1.42
2014.04.10 01:30:51.134,1.58655,1.58709,1.00,1.00
2014.04.10 01:30:51.185,1.58645,1.58709,1.19,1.00
2014.04.10 01:30:51.236,1.58641,1.58701,1.19,1.68
2014.04.10 01:30:51.337,1.58636,1.58695,1.00,1.32
2014.04.10 01:30:51.390,1.5861,1.58695,2.07,1.32
2014.04.10 01:30:51.441,1.5861,1.58687,1.00,1.19
2014.04.10 01:30:51.492,1.58603,1.58687,1.62,1.19
2014.04.10 01:30:51.643,1.58597,1.5868,1.57,1.19
2014.04.10 01:30:51.946,1.58595,1.5868,1.13,1.57
2014.04.10 01:30:52.054,1.58593,1.5868,1.00,1.57
2014.04.10 01:30:52.575,1.58587,1.5868,1.94,2.44
2014.04.10 01:30:52.929,1.58587,1.58677,1.75,1.00
2014.04.10 01:30:53.394,1.58587,1.5868,1.53,1.53
2014.04.10 01:30:53.600,1.58587,1.5868,1.90,1.90
2014.04.10 01:30:54.128,1.58615,1.58674,1.00,1.43
2014.04.10 01:30:54.338,1.58617,1.58685,1.00,1.68
2014.04.10 01:30:54.439,1.58622,1.5869,1.00,1.68
2014.04.10 01:30:54.540,1.58622,1.5869,1.00,1.35
2014.04.10 01:30:54.852,1.58622,1.5869,1.69,1.45
2014.04.10 01:30:55.661,1.58634,1.5869,1.19,1.45
2014.04.10 01:30:56.674,1.58633,1.5869,1.19,1.45
2014.04.10 01:30:57.000,1.5862,1.58676,1.00,2.07
2014.04.10 01:30:57.101,1.58605,1.58676,1.00,2.07
2014.04.10 01:30:57.202,1.5859,1.58672,1.65,1.57
2014.04.10 01:30:57.477,1.58584,1.58672,1.77,1.57
2014.04.10 01:30:58.111,1.58587,1.58672,1.20,2.14
2014.04.10 01:30:58.228,1.5858,1.58672,1.64,1.64
2014.04.10 01:30:59.377,1.5858,1.58666,1.64,1.00
2014.04.10 01:30:59.427,1.5858,1.58666,1.87,1.30
2014.04.10 01:30:59.955,1.58578,1.58662,1.02,1.02
2014.04.10 01:31:00.502,1.58578,1.58656,1.02,1.00
2014.04.10 01:31:01.113,1.58578,1.58656,1.24,1.43
2014.04.10 01:31:01.668,1.5858,1.58656,1.57,1.00
2014.04.10 01:31:02.182,1.5858,1.58656,1.19,1.13
2014.04.10 01:31:02.535,1.58578,1.5866,1.02,1.57
2014.04.10 01:31:02.847,1.58571,1.5866,1.78,1.57
2014.04.10 01:31:03.049,1.58586,1.58671,1.09,1.72
2014.04.10 01:31:03.434,1.58586,1.58669,1.09,1.09
2014.04.10 01:31:04.317,1.58582,1.58671,2.44,1.94
2014.04.10 01:31:04.818,1.5859,1.58671,1.09,1.72
2014.04.10 01:31:05.271,1.58595,1.58671,1.19,1.72
2014.04.10 01:31:05.581,1.58635,1.58681,1.00,1.00
2014.04.10 01:31:05.632,1.58632,1.58681,1.00,1.00
2014.04.10 01:31:05.783,1.58623,1.5867,1.19,1.00
2014.04.10 01:31:05.884,1.58615,1.58671,1.19,1.00
2014.04.10 01:31:05.985,1.58615,1.58671,1.19,1.38
2014.04.10 01:31:06.087,1.58605,1.58671,1.57,1.38
2014.04.10 01:31:06.653,1.58602,1.5867,1.19,1.13
2014.04.10 01:31:07.154,1.58598,1.5867,1.19,1.13
2014.04.10 01:31:07.624,1.58623,1.5867,1.00,1.13
2014.04.10 01:31:07.926,1.58641,1.58693,1.00,1.38
2014.04.10 01:31:08.128,1.58623,1.58685,1.19,1.19
2014.04.10 01:31:08.179,1.58623,1.5868,1.00,1.19
2014.04.10 01:31:08.431,1.58618,1.58673,1.00,1.00
2014.04.10 01:31:08.896,1.58618,1.58671,1.00,1.00
2014.04.10 01:31:09.047,1.58618,1.58673,1.00,1.00
2014.04.10 01:31:09.491,1.58619,1.58672,1.00,1.19
2014.04.10 01:31:09.955,1.58618,1.58665,1.00,1.38
2014.04.10 01:31:10.757,1.58618,1.58665,1.00,1.38
2014.04.10 01:31:10.859,1.58611,1.58658,1.19,1.00
2014.04.10 01:31:11.111,1.58629,1.58658,1.00,1.19
2014.04.10 01:31:11.212,1.58629,1.58657,1.00,1.00
2014.04.10 01:31:11.414,1.58635,1.58657,1.00,1.00
2014.04.10 01:31:11.465,1.58635,1.58666,1.00,1.69
2014.04.10 01:31:11.515,1.58627,1.58657,1.00,1.19
2014.04.10 01:31:11.647,1.58613,1.58648,1.19,1.19
2014.04.10 01:31:11.699,1.58613,1.58644,1.00,1.57
2014.04.10 01:31:11.749,1.58607,1.58644,1.00,1.57
2014.04.10 01:31:11.851,1.58595,1.58638,1.00,1.32
2014.04.10 01:31:11.952,1.5859,1.58638,1.00,1.32
2014.04.10 01:31:12.304,1.58583,1.58627,1.19,1.00
2014.04.10 01:31:12.367,1.58578,1.58627,1.32,1.19
2014.04.10 01:31:13.787,1.58578,1.58627,1.19,1.19
2014.04.10 01:31:14.090,1.58588,1.58632,1.19,1.38
2014.04.10 01:31:14.241,1.58588,1.58632,1.19,1.50
2014.04.10 01:31:14.292,1.58588,1.58626,1.19,1.00
2014.04.10 01:31:14.443,1.58578,1.58622,1.19,1.00
2014.04.10 01:31:14.494,1.58578,1.58617,1.19,1.00
2014.04.10 01:31:14.545,1.5857,1.58617,1.45,1.00
2014.04.10 01:31:14.646,1.58564,1.58611,1.19,1.19
2014.04.10 01:31:15.007,1.58564,1.58604,1.25,1.19
2014.04.10 01:31:15.339,1.58551,1.58597,1.19,1.19
2014.04.10 01:31:15.719,1.58551,1.58597,1.19,1.57
2014.04.10 01:31:16.225,1.58556,1.58597,1.25,1.19
2014.04.10 01:31:16.709,1.58548,1.58595,1.69,1.19
2014.04.10 01:31:17.724,1.58545,1.58592,1.19,1.19
2014.04.10 01:31:18.226,1.58544,1.58585,1.19,1.19
2014.04.10 01:31:19.435,1.58535,1.58579,2.07,1.19
2014.04.10 01:31:20.452,1.58535,1.58576,1.19,1.19
2014.04.10 01:31:21.681,1.58529,1.5856,1.00,1.19
2014.04.10 01:31:21.732,1.58524,1.5856,1.19,1.19
2014.04.10 01:31:21.782,1.58524,1.58552,1.00,1.19
2014.04.10 01:31:22.397,1.58516,1.58552,1.19,1.19
2014.04.10 01:31:22.758,1.5852,1.58558,1.19,1.10
2014.04.10 01:31:23.135,1.5852,1.58552,1.19,1.00
2014.04.10 01:31:23.490,1.58514,1.5855,1.19,1.19
2014.04.10 01:31:24.301,1.58513,1.5855,1.19,1.19
2014.04.10 01:31:26.270,1.58511,1.58545,1.19,1.19
2014.04.10 01:31:26.913,1.58508,1.58542,1.19,1.87
2014.04.10 01:31:27.336,1.58508,1.58542,1.19,1.79
2014.04.10 01:31:27.386,1.58501,1.58539,1.19,1.79
2014.04.10 01:31:28.603,1.58498,1.58532,1.19,1.19
2014.04.10 01:31:29.889,1.58493,1.58529,1.19,1.19
2014.04.10 01:31:30.697,1.58494,1.5853,1.57,1.19
2014.04.10 01:31:31.709,1.58492,1.5853,1.19,2.37
2014.04.10 01:31:32.720,1.58493,1.58528,1.19,1.19
2014.04.10 01:31:33.558,1.58487,1.5852,1.57,1.19
2014.04.10 01:31:33.810,1.58487,1.5852,1.57,1.19
2014.04.10 01:31:34.435,1.58487,1.5852,1.19,1.19
2014.04.10 01:31:34.765,1.58483,1.58522,1.57,1.62
2014.04.10 01:31:35.376,1.58493,1.5853,1.19,1.58
2014.04.10 01:31:35.426,1.58493,1.5853,1.19,1.13
2014.04.10 01:31:35.578,1.58493,1.58538,1.19,1.72
2014.04.10 01:31:35.779,1.58494,1.58546,1.19,1.93
2014.04.10 01:31:36.260,1.58505,1.58546,1.00,1.09
2014.04.10 01:31:36.461,1.58504,1.58547,1.00,1.57
2014.04.10 01:31:36.612,1.58508,1.58549,1.00,1.57
2014.04.10 01:31:36.713,1.58505,1.58541,1.00,1.45
2014.04.10 01:31:36.764,1.58494,1.58541,1.19,1.45
2014.04.10 01:31:36.814,1.58499,1.58541,1.19,1.45
2014.04.10 01:31:37.093,1.58499,1.5855,1.19,1.49
2014.04.10 01:31:37.609,1.58499,1.5855,1.19,1.79
2014.04.10 01:31:37.911,1.58501,1.58549,1.19,1.27
2014.04.10 01:31:37.962,1.58501,1.58549,1.19,1.19
2014.04.10 01:31:39.106,1.58505,1.58557,1.19,1.62
2014.04.10 01:31:39.916,1.58504,1.58562,1.19,1.19
2014.04.10 01:31:40.693,1.58502,1.58559,1.27,1.19
2014.04.10 01:31:41.807,1.58501,1.5856,1.39,1.19
2014.04.10 01:31:42.625,1.58501,1.58548,1.87,1.00
2014.04.10 01:31:42.928,1.58489,1.58536,1.19,1.00
2014.04.10 01:31:42.978,1.58489,1.58536,1.19,1.38
2014.04.10 01:31:43.180,1.58493,1.58547,1.32,1.19
2014.04.10 01:31:43.230,1.58493,1.58547,1.62,1.19
2014.04.10 01:31:43.550,1.58499,1.58552,1.19,1.19
2014.04.10 01:31:43.704,1.58505,1.58556,1.19,1.25
2014.04.10 01:31:43.956,1.5851,1.58568,1.19,2.07
2014.04.10 01:31:44.476,1.58511,1.58563,1.19,1.19
2014.04.10 01:31:44.627,1.58512,1.58568,1.19,1.38
2014.04.10 01:31:44.778,1.58516,1.58569,1.57,1.00
2014.04.10 01:31:44.829,1.58516,1.58574,1.57,1.19
2014.04.10 01:31:45.326,1.58516,1.58574,1.57,1.00
2014.04.10 01:31:46.158,1.58516,1.58574,1.19,1.19
2014.04.10 01:31:46.970,1.58511,1.58569,1.69,1.63
2014.04.10 01:31:47.296,1.58511,1.58562,1.19,1.38
2014.04.10 01:31:47.969,1.58511,1.58562,1.27,1.38
2014.04.10 01:31:48.473,1.58522,1.58573,1.08,1.57
2014.04.10 01:31:48.524,1.58522,1.58561,1.08,1.00
2014.04.10 01:31:48.686,1.58522,1.58573,1.45,1.57
2014.04.10 01:31:48.985,1.58522,1.58564,1.45,1.00
2014.04.10 01:31:49.286,1.58522,1.58564,1.45,1.19
2014.04.10 01:31:49.810,1.58526,1.58567,1.00,1.19
2014.04.10 01:31:50.279,1.58526,1.58572,1.00,1.32
2014.04.10 01:31:51.211,1.58529,1.58572,1.00,1.32
2014.04.10 01:31:51.262,1.58529,1.58574,1.00,1.57
2014.04.10 01:31:51.668,1.58532,1.58574,1.00,1.57
2014.04.10 01:31:51.769,1.58532,1.58584,1.00,1.19
2014.04.10 01:31:51.971,1.58537,1.58584,1.20,1.19
2014.04.10 01:31:52.775,1.58537,1.58586,1.20,1.69
2014.04.10 01:31:52.977,1.58537,1.58592,1.00,1.19
2014.04.10 01:31:53.078,1.58537,1.58592,1.15,1.19
2014.04.10 01:31:53.397,1.58537,1.58592,1.34,1.19
2014.04.10 01:31:53.753,1.58542,1.58593,1.00,1.19
2014.04.10 01:31:54.056,1.5855,1.58601,1.00,1.19
2014.04.10 01:31:54.308,1.58573,1.58623,1.00,1.57
2014.04.10 01:31:54.409,1.58575,1.58628,1.09,1.00
2014.04.10 01:31:54.510,1.58583,1.58633,1.69,1.38
2014.04.10 01:31:54.813,1.58588,1.58639,1.19,1.00
2014.04.10 01:31:55.317,1.5859,1.58639,1.19,1.00
2014.04.10 01:31:55.786,1.58586,1.58639,1.69,1.00
2014.04.10 01:31:55.837,1.58591,1.58646,1.00,1.13
2014.04.10 01:31:56.674,1.58591,1.58646,1.23,1.00
2014.04.10 01:31:56.826,1.58598,1.58656,1.19,1.25
2014.04.10 01:31:56.927,1.58605,1.58656,1.19,1.00
2014.04.10 01:31:57.258,1.58607,1.58669,1.19,1.57
2014.04.10 01:31:57.821,1.58607,1.58669,1.19,1.19
2014.04.10 01:32:22.975,1.58599,1.58669,1.00,1.00
2014.04.10 01:32:57.285,1.58594,1.58683,1.30,1.30
2014.04.10 01:32:58.514,1.58594,1.58683,1.00,1.00
2014.04.10 01:34:29.401,1.58597,1.58663,1.00,1.00
2014.04.10 01:34:32.573,1.58606,1.58674,1.00,1.00
2014.04.10 01:34:32.673,1.58597,1.58663,1.00,1.00
2014.04.10 01:34:33.034,1.58599,1.58654,1.00,1.00
2014.04.10 01:34:33.360,1.58606,1.58653,1.00,1.00
2014.04.10 01:34:33.534,1.586,1.58653,1.00,1.00
2014.04.10 01:34:34.021,1.58606,1.58653,1.00,1.00
2014.04.10 01:34:34.072,1.58608,1.58665,1.00,1.00
2014.04.10 01:34:34.501,1.58606,1.58665,1.00,1.00
2014.04.10 01:34:34.902,1.58604,1.58663,1.00,1.00
2014.04.10 01:34:35.124,1.58607,1.58667,1.00,1.00
2014.04.10 01:34:35.430,1.58609,1.58672,1.00,1.00
2014.04.10 01:34:35.656,1.58609,1.58664,1.00,1.00
2014.04.10 01:34:36.282,1.58608,1.58664,1.00,1.00
2014.04.10 01:34:36.713,1.58608,1.58657,1.00,1.00
2014.04.10 01:34:37.580,1.58609,1.58656,1.00,1.00
2014.04.10 01:34:39.532,1.58609,1.58663,1.00,1.00
2014.04.10 01:34:39.632,1.58606,1.58664,1.00,1.50
