2012.07.17 22:00:00.176,1.54182,1.54243,0.30,0.75
2012.07.17 22:00:00.235,1.54207,1.54243,0.75,0.75
2012.07.17 22:00:00.551,1.54206,1.54239,0.68,0.75
2012.07.17 22:00:00.779,1.54187,1.54229,0.68,0.75
2012.07.17 22:00:00.838,1.54185,1.54229,0.68,0.75
2012.07.17 22:00:01.102,1.5418,1.54229,0.68,0.75
2012.07.17 22:00:01.640,1.54178,1.54229,1.43,0.75
2012.07.17 22:00:03.362,1.54178,1.54233,1.43,0.75
2012.07.17 22:00:05.263,1.54186,1.54229,1.43,0.75
2012.07.17 22:00:05.435,1.54182,1.54229,1.43,0.75
2012.07.17 22:00:06.123,1.54182,1.54233,1.43,0.75
2012.07.17 22:00:06.286,1.54189,1.54233,1.43,0.75
2012.07.17 22:00:06.599,1.54189,1.54229,1.43,0.75
2012.07.17 22:00:09.256,1.54188,1.54229,1.43,0.75
2012.07.17 22:00:09.629,1.54184,1.54229,1.43,0.75
2012.07.17 22:00:10.501,1.54183,1.54229,1.50,0.75
2012.07.17 22:00:18.681,1.54183,1.54219,1.50,0.75
2012.07.17 22:00:18.901,1.54183,1.54224,1.50,0.75
2012.07.17 22:00:19.464,1.54177,1.54224,1.50,0.75
2012.07.17 22:00:21.300,1.54177,1.54233,1.50,0.75
2012.07.17 22:00:21.503,1.54181,1.54233,1.50,0.75
2012.07.17 22:00:21.833,1.54183,1.54233,1.50,0.75
2012.07.17 22:00:22.419,1.54183,1.54228,1.50,0.75
2012.07.17 22:00:22.978,1.54177,1.54228,1.50,0.75
2012.07.17 22:00:25.795,1.54181,1.54228,1.50,0.75
2012.07.17 22:00:26.334,1.54184,1.54228,1.50,0.75
2012.07.17 22:00:32.927,1.54181,1.54228,1.50,0.75
2012.07.17 22:00:32.987,1.54178,1.54228,1.50,0.75
2012.07.17 22:00:34.403,1.54178,1.54233,1.50,0.75
2012.07.17 22:00:34.615,1.54178,1.54228,1.50,0.75
2012.07.17 22:00:34.998,1.54183,1.54228,1.50,0.75
2012.07.17 22:00:35.278,1.54178,1.54228,1.50,0.75
2012.07.17 22:00:53.877,1.54178,1.54234,1.50,0.75
2012.07.17 22:00:53.993,1.54175,1.54234,1.50,0.75
2012.07.17 22:00:54.052,1.54172,1.54234,1.50,0.75
2012.07.17 22:00:59.931,1.54172,1.54244,1.50,0.75
2012.07.17 22:01:00.109,1.54177,1.54244,1.50,0.75
2012.07.17 22:01:00.449,1.54179,1.54244,1.50,0.75
2012.07.17 22:01:00.798,1.54179,1.54239,1.50,0.75
2012.07.17 22:01:00.928,1.54179,1.54243,1.50,0.75
2012.07.17 22:01:00.989,1.54172,1.54243,1.50,0.75
2012.07.17 22:01:02.073,1.54172,1.54229,1.50,0.75
2012.07.17 22:01:02.750,1.54172,1.54233,1.50,0.75
2012.07.17 22:01:02.867,1.54179,1.54233,1.50,0.75
2012.07.17 22:01:03.154,1.54173,1.54234,1.50,0.75
2012.07.17 22:01:03.707,1.54173,1.54229,1.50,0.75
2012.07.17 22:01:03.769,1.54169,1.54229,1.50,0.75
2012.07.17 22:01:05.284,1.54167,1.54229,1.50,0.75
2012.07.17 22:01:05.659,1.54164,1.54229,1.50,0.75
2012.07.17 22:01:05.721,1.54166,1.54234,0.75,0.75
2012.07.17 22:01:07.127,1.54164,1.54228,1.50,0.75
2012.07.17 22:01:09.435,1.54167,1.54233,0.75,0.75
2012.07.17 22:01:09.708,1.54169,1.54233,1.50,2.25
2012.07.17 22:01:10.400,1.5417,1.54233,1.50,2.25
2012.07.17 22:01:11.690,1.5417,1.54228,1.50,0.75
2012.07.17 22:01:29.368,1.54161,1.54228,1.50,0.75
2012.07.17 22:01:31.531,1.54167,1.54233,0.75,0.75
2012.07.17 22:01:32.200,1.54161,1.54229,1.50,0.75
2012.07.17 22:01:36.530,1.54156,1.54229,1.05,0.75
2012.07.17 22:01:37.755,1.5415,1.54218,1.50,0.75
2012.07.17 22:01:42.478,1.54157,1.54223,0.75,0.75
2012.07.17 22:01:48.796,1.54167,1.54233,0.75,0.75
2012.07.17 22:01:51.099,1.54156,1.54229,2.25,0.75
2012.07.17 22:01:51.465,1.54162,1.54229,1.50,0.75
2012.07.17 22:01:51.530,1.54167,1.54233,2.25,0.75
2012.07.17 22:01:51.702,1.54176,1.54244,2.25,0.75
2012.07.17 22:01:52.081,1.54176,1.54239,1.50,0.75
2012.07.17 22:01:56.137,1.54174,1.54239,1.50,0.75
2012.07.17 22:01:56.197,1.5417,1.54239,0.30,0.75
2012.07.17 22:01:59.907,1.54177,1.54243,0.75,0.75
2012.07.17 22:02:00.138,1.54187,1.54253,0.75,0.75
2012.07.17 22:02:00.569,1.54196,1.54254,0.75,0.75
2012.07.17 22:02:01.045,1.54196,1.5425,0.75,1.50
2012.07.17 22:02:01.339,1.5417,1.54228,0.30,0.75
2012.07.17 22:02:01.710,1.54177,1.54233,0.75,0.75
2012.07.17 22:02:04.196,1.54175,1.54229,1.50,0.75
2012.07.17 22:02:04.424,1.54176,1.54234,0.75,0.75
2012.07.17 22:02:09.830,1.54175,1.54229,1.50,0.75
2012.07.17 22:02:09.946,1.54177,1.54233,0.75,0.75
2012.07.17 22:02:10.848,1.5417,1.54228,1.50,0.75
2012.07.17 22:02:10.911,1.54176,1.54234,0.75,0.75
2012.07.17 22:02:29.491,1.5417,1.54229,1.50,0.75
2012.07.17 22:02:30.587,1.54167,1.54229,1.50,0.75
2012.07.17 22:02:31.303,1.54166,1.54229,0.75,0.75
2012.07.17 22:02:31.788,1.54173,1.54229,1.50,0.75
2012.07.17 22:02:35.046,1.54171,1.54229,1.50,0.75
2012.07.17 22:02:35.106,1.54168,1.54229,1.50,0.75
2012.07.17 22:03:29.563,1.54168,1.5424,1.50,1.50
2012.07.17 22:03:35.092,1.54166,1.54242,1.50,1.50
2012.07.17 22:03:35.151,1.54163,1.54254,0.30,0.46
2012.07.17 22:03:35.252,1.54163,1.54244,0.30,1.50
2012.07.17 22:03:35.607,1.54162,1.54226,1.50,1.50
2012.07.17 22:03:36.648,1.54168,1.54226,1.50,1.50
2012.07.17 22:03:40.471,1.54166,1.54227,1.50,3.00
2012.07.17 22:03:40.530,1.54162,1.54224,1.50,1.50
2012.07.17 22:03:40.802,1.54167,1.54224,1.50,1.50
2012.07.17 22:03:40.861,1.54167,1.54226,1.50,1.50
2012.07.17 22:03:46.382,1.54167,1.54218,1.50,0.75
2012.07.17 22:03:46.616,1.54167,1.54223,2.25,0.75
2012.07.17 22:03:48.439,1.54167,1.54218,1.50,0.75
2012.07.17 22:03:50.932,1.54167,1.54224,1.50,0.75
2012.07.17 22:03:51.342,1.54167,1.54219,1.50,0.75
2012.07.17 22:03:51.403,1.54163,1.54219,1.50,0.75
2012.07.17 22:03:51.464,1.54168,1.54219,1.50,0.75
2012.07.17 22:04:11.740,1.54165,1.54224,1.50,2.25
2012.07.17 22:04:18.948,1.54165,1.54224,2.25,2.25
2012.07.17 22:04:25.258,1.54165,1.54224,1.50,2.25
2012.07.17 22:04:30.867,1.54165,1.54224,2.25,2.25
2012.07.17 22:04:32.612,1.54168,1.54225,1.50,2.25
2012.07.17 22:04:52.622,1.54168,1.54225,1.50,2.25
2012.07.17 22:04:52.897,1.54165,1.54225,1.50,2.25
2012.07.17 22:05:00.552,1.54161,1.54221,1.50,1.50
2012.07.17 22:05:02.083,1.54168,1.54221,1.50,2.25
2012.07.17 22:05:11.956,1.54168,1.54225,2.25,1.50
2012.07.17 22:05:12.389,1.54174,1.54231,2.25,1.50
2012.07.17 22:05:19.161,1.54174,1.54231,1.50,2.25
2012.07.17 22:05:19.441,1.54172,1.54232,1.50,1.50
2012.07.17 22:05:20.967,1.54165,1.54226,2.25,1.50
2012.07.17 22:05:25.551,1.54165,1.54226,2.25,1.50
2012.07.17 22:05:26.008,1.54165,1.54226,2.25,1.50
2012.07.17 22:05:29.778,1.54165,1.54226,1.50,1.50
2012.07.17 22:05:30.056,1.54165,1.54226,2.25,1.50
2012.07.17 22:05:33.603,1.54165,1.54226,1.50,1.50
2012.07.17 22:05:34.113,1.54165,1.54226,2.25,1.50
2012.07.17 22:05:43.471,1.54164,1.54225,1.50,1.50
2012.07.17 22:05:45.629,1.54163,1.54223,1.50,2.25
2012.07.17 22:05:45.690,1.54161,1.5422,1.50,1.50
2012.07.17 22:05:51.503,1.54168,1.54223,1.50,2.25
2012.07.17 22:05:51.675,1.54169,1.54228,1.50,2.25
2012.07.17 22:05:51.798,1.54168,1.54226,1.50,1.50
2012.07.17 22:05:51.860,1.54163,1.54224,2.25,2.25
2012.07.17 22:05:53.560,1.54163,1.54221,2.25,1.50
2012.07.17 22:05:53.682,1.54163,1.54222,2.25,1.50
2012.07.17 22:06:11.983,1.54163,1.54222,1.50,1.50
2012.07.17 22:06:14.172,1.54163,1.54222,2.25,1.50
2012.07.17 22:06:14.294,1.54163,1.54224,3.75,1.50
2012.07.17 22:06:14.356,1.54165,1.54224,2.25,1.50
2012.07.17 22:06:14.424,1.54171,1.54228,2.25,1.50
2012.07.17 22:06:14.488,1.54178,1.54231,1.50,1.50
2012.07.17 22:06:14.551,1.54178,1.54237,1.50,2.25
2012.07.17 22:06:14.915,1.54176,1.54237,2.25,1.50
2012.07.17 22:06:16.913,1.54167,1.54226,2.25,1.50
2012.07.17 22:06:16.975,1.54167,1.54226,2.25,1.50
2012.07.17 22:06:17.220,1.54165,1.54217,1.50,1.50
2012.07.17 22:06:17.282,1.54155,1.54215,2.25,2.25
2012.07.17 22:06:17.401,1.54155,1.54215,2.25,1.50
2012.07.17 22:06:17.462,1.54161,1.54218,2.25,1.50
2012.07.17 22:06:17.524,1.54161,1.54218,1.50,2.25
2012.07.17 22:06:20.774,1.54161,1.54218,2.25,1.50
2012.07.17 22:06:21.425,1.54161,1.54218,1.50,2.25
2012.07.17 22:06:27.146,1.54161,1.54218,2.25,1.50
2012.07.17 22:06:27.475,1.54161,1.54218,1.50,2.25
2012.07.17 22:06:31.326,1.54161,1.54218,2.25,1.50
2012.07.17 22:06:31.472,1.54161,1.54218,1.50,2.25
2012.07.17 22:06:31.996,1.54161,1.54218,2.25,1.50
2012.07.17 22:06:33.649,1.54161,1.54218,1.50,2.25
2012.07.17 22:06:33.967,1.54161,1.54218,1.50,2.25
2012.07.17 22:06:34.476,1.54152,1.54212,2.25,1.50
2012.07.17 22:06:35.011,1.54159,1.54219,1.50,2.25
2012.07.17 22:06:35.989,1.54159,1.54219,1.50,2.25
2012.07.17 22:06:36.423,1.54157,1.54218,1.50,2.25
2012.07.17 22:06:36.483,1.54153,1.54214,1.50,1.50
2012.07.17 22:06:36.543,1.54153,1.54214,2.25,1.50
2012.07.17 22:06:37.157,1.54158,1.54217,1.50,2.25
2012.07.17 22:06:48.515,1.54158,1.54217,1.50,2.25
2012.07.17 22:06:48.802,1.54158,1.54217,1.50,2.25
2012.07.17 22:06:57.602,1.54161,1.54217,1.50,2.25
2012.07.17 22:06:58.099,1.54163,1.5422,1.50,2.25
2012.07.17 22:07:39.612,1.54161,1.54222,1.50,1.50
2012.07.17 22:07:39.673,1.54159,1.5422,1.50,1.50
2012.07.17 22:07:43.347,1.54166,1.5422,1.50,2.25
2012.07.17 22:07:44.041,1.54165,1.54224,1.50,2.25
2012.07.17 22:07:48.779,1.54165,1.54224,1.50,1.50
2012.07.17 22:07:58.126,1.54165,1.54224,2.25,2.25
2012.07.17 22:07:58.748,1.54165,1.54224,1.50,2.25
2012.07.17 22:07:59.172,1.54158,1.54219,1.50,1.50
2012.07.17 22:07:59.494,1.54161,1.54221,1.50,2.25
2012.07.17 22:07:59.842,1.54164,1.54221,1.50,2.25
2012.07.17 22:08:00.925,1.54168,1.54226,1.50,2.25
2012.07.17 22:08:06.052,1.54168,1.54226,1.50,2.25
2012.07.17 22:08:08.925,1.54175,1.54228,1.50,2.25
2012.07.17 22:08:09.189,1.54175,1.54235,2.25,2.25
2012.07.17 22:08:10.678,1.54175,1.54235,2.25,2.25
2012.07.17 22:08:11.003,1.54169,1.54231,1.50,1.50
2012.07.17 22:08:11.065,1.54164,1.54225,2.25,2.25
2012.07.17 22:08:11.399,1.5417,1.54225,1.50,2.25
2012.07.17 22:08:31.949,1.5417,1.54228,1.50,2.25
2012.07.17 22:08:32.231,1.54164,1.54225,1.50,1.50
2012.07.17 22:08:32.695,1.54162,1.54222,1.50,2.25
2012.07.17 22:08:32.799,1.54167,1.54224,1.50,2.25
2012.07.17 22:09:19.810,1.54167,1.54224,1.50,2.25
2012.07.17 22:09:33.031,1.54146,1.54237,1.48,1.13
2012.07.17 22:09:34.532,1.54161,1.54229,1.50,2.25
2012.07.17 22:09:35.032,1.54163,1.54224,1.50,1.50
2012.07.17 22:09:38.051,1.54163,1.54224,1.50,1.50
2012.07.17 22:09:39.983,1.5417,1.54224,1.50,2.25
2012.07.17 22:09:40.848,1.54167,1.54227,1.50,2.25
2012.07.17 22:09:40.908,1.54165,1.54224,1.50,1.50
2012.07.17 22:10:01.357,1.54166,1.54225,1.50,2.25
2012.07.17 22:10:21.481,1.54167,1.54225,1.50,2.25
2012.07.17 22:10:22.192,1.54168,1.54227,1.50,2.25
2012.07.17 22:10:38.254,1.54168,1.54227,1.50,1.50
2012.07.17 22:10:40.690,1.54168,1.54227,1.50,2.63
2012.07.17 22:10:40.930,1.54167,1.54227,1.50,3.38
2012.07.17 22:10:41.047,1.54162,1.54224,1.50,1.50
2012.07.17 22:11:16.462,1.5416,1.5422,1.50,2.25
2012.07.17 22:11:16.522,1.54156,1.54216,2.25,1.50
2012.07.17 22:11:16.690,1.54163,1.54216,1.50,2.25
2012.07.17 22:11:37.651,1.54161,1.54218,1.50,2.25
2012.07.17 22:11:38.868,1.54159,1.54219,1.50,2.25
2012.07.17 22:11:39.093,1.54155,1.54216,2.25,1.50
2012.07.17 22:11:41.468,1.54155,1.54216,1.50,1.50
2012.07.17 22:11:48.281,1.54159,1.54219,1.50,1.50
2012.07.17 22:11:48.341,1.54161,1.54219,1.50,1.50
2012.07.17 22:11:48.830,1.54161,1.54219,1.50,1.50
2012.07.17 22:11:48.891,1.54157,1.54216,1.50,1.50
2012.07.17 22:11:51.382,1.54156,1.54216,1.50,1.50
2012.07.17 22:11:51.495,1.5415,1.54212,1.50,1.50
2012.07.17 22:12:02.933,1.54158,1.54212,1.50,1.50
2012.07.17 22:12:03.048,1.54158,1.54217,1.50,1.50
2012.07.17 22:12:10.033,1.54157,1.54215,1.50,1.50
2012.07.17 22:12:10.133,1.54153,1.54212,1.50,1.50
2012.07.17 22:12:12.213,1.54153,1.54212,1.50,1.50
2012.07.17 22:12:30.773,1.54154,1.54213,1.50,2.25
2012.07.17 22:12:49.380,1.54154,1.54213,2.25,2.25
2012.07.17 22:12:50.573,1.54158,1.54214,1.50,2.25
2012.07.17 22:12:50.687,1.54156,1.54215,2.25,1.50
2012.07.17 22:12:57.572,1.54154,1.54211,1.50,3.75
2012.07.17 22:12:57.632,1.54145,1.54206,2.25,1.50
2012.07.17 22:12:58.319,1.54145,1.54206,1.50,1.50
2012.07.17 22:13:05.929,1.54145,1.54206,1.86,1.50
2012.07.17 22:13:06.046,1.54145,1.54206,1.50,1.50
2012.07.17 22:13:06.575,1.54139,1.54198,1.50,1.50
2012.07.17 22:13:07.093,1.54138,1.54198,1.50,1.50
2012.07.17 22:13:07.464,1.54142,1.54198,1.50,2.25
2012.07.17 22:13:07.589,1.54137,1.54198,1.50,1.50
2012.07.17 22:13:07.654,1.54137,1.54198,2.25,1.50
2012.07.17 22:13:07.715,1.54137,1.54198,1.50,1.50
2012.07.17 22:13:07.970,1.54137,1.54198,2.25,1.50
2012.07.17 22:13:08.332,1.54137,1.54198,1.50,1.50
2012.07.17 22:13:09.424,1.54137,1.54198,2.25,1.50
2012.07.17 22:13:09.548,1.54137,1.54198,1.50,1.50
2012.07.17 22:13:09.664,1.54142,1.54202,1.50,2.25
2012.07.17 22:13:16.797,1.54141,1.542,1.50,2.25
2012.07.17 22:13:16.859,1.54138,1.54197,1.50,1.50
2012.07.17 22:13:16.918,1.54142,1.54197,1.50,2.25
2012.07.17 22:13:24.494,1.5414,1.54201,1.50,2.25
2012.07.17 22:13:24.554,1.54138,1.54197,1.50,1.50
2012.07.17 22:13:36.194,1.54142,1.54202,1.50,2.25
2012.07.17 22:13:37.045,1.5414,1.542,1.50,2.25
2012.07.17 22:13:37.105,1.54138,1.54198,1.50,1.50
2012.07.17 22:13:42.245,1.54138,1.54198,2.25,1.50
2012.07.17 22:13:42.306,1.54144,1.54198,2.25,1.50
2012.07.17 22:13:42.367,1.54144,1.54204,2.25,2.25
2012.07.17 22:13:55.999,1.54143,1.54201,2.25,1.50
2012.07.17 22:14:16.523,1.54139,1.54198,2.25,1.50
2012.07.17 22:14:17.278,1.54139,1.54198,2.25,1.50
2012.07.17 22:14:24.315,1.54138,1.54198,2.25,1.50
2012.07.17 22:14:36.346,1.54133,1.54192,2.25,1.50
2012.07.17 22:14:36.898,1.54128,1.54187,1.05,1.50
2012.07.17 22:14:42.288,1.54126,1.54187,1.80,1.50
2012.07.17 22:14:44.608,1.54128,1.54187,1.05,1.50
2012.07.17 22:14:45.051,1.54141,1.54197,2.25,1.50
2012.07.17 22:14:45.113,1.5414,1.54197,1.05,1.50
2012.07.17 22:14:45.320,1.5414,1.54191,1.05,1.50
2012.07.17 22:15:21.870,1.5413,1.54191,2.25,1.50
2012.07.17 22:15:21.993,1.54124,1.54185,2.25,1.50
2012.07.17 22:15:24.814,1.54124,1.54185,2.25,1.50
2012.07.17 22:15:25.055,1.5413,1.54185,2.25,1.50
2012.07.17 22:15:25.174,1.5413,1.54189,2.25,1.50
2012.07.17 22:15:27.440,1.54128,1.54188,2.25,1.50
2012.07.17 22:15:33.764,1.54126,1.54186,2.25,1.50
2012.07.17 22:15:35.992,1.54131,1.54186,2.25,1.50
2012.07.17 22:15:36.055,1.54131,1.54188,2.25,1.50
2012.07.17 22:15:38.789,1.54131,1.54188,2.25,1.50
2012.07.17 22:15:39.115,1.54129,1.54189,2.25,1.50
2012.07.17 22:16:27.831,1.5413,1.54187,2.25,1.50
2012.07.17 22:16:28.392,1.5413,1.54187,2.25,1.50
2012.07.17 22:16:33.496,1.5413,1.54187,2.25,1.50
2012.07.17 22:16:33.963,1.54125,1.54184,1.05,1.50
2012.07.17 22:16:37.751,1.54122,1.54184,2.25,2.25
2012.07.17 22:16:38.521,1.54122,1.54184,2.25,1.50
2012.07.17 22:16:43.620,1.5413,1.54184,2.25,1.50
2012.07.17 22:16:43.681,1.5413,1.54187,2.25,1.50
2012.07.17 22:17:38.533,1.5413,1.54187,1.50,1.50
2012.07.17 22:17:43.893,1.54104,1.54205,1.40,1.59
2012.07.17 22:17:44.210,1.54134,1.542,1.50,1.50
2012.07.17 22:17:44.570,1.54135,1.54195,2.25,1.50
2012.07.17 22:18:04.508,1.54135,1.54194,2.25,1.50
2012.07.17 22:18:05.071,1.54132,1.54191,2.25,1.50
2012.07.17 22:18:05.991,1.54132,1.54191,2.25,1.50
2012.07.17 22:18:07.204,1.54132,1.54191,2.25,1.50
2012.07.17 22:18:07.321,1.54132,1.54191,2.25,1.50
2012.07.17 22:18:44.645,1.54138,1.54198,1.50,2.25
2012.07.17 22:19:04.613,1.54137,1.542,2.25,1.50
2012.07.17 22:19:07.535,1.54137,1.54198,1.50,1.50
2012.07.17 22:19:25.507,1.54135,1.54198,3.00,1.50
2012.07.17 22:19:28.092,1.54135,1.54196,2.25,1.50
2012.07.17 22:19:44.361,1.54135,1.54196,2.25,1.50
2012.07.17 22:19:46.607,1.54137,1.54196,1.50,2.25
2012.07.17 22:19:49.256,1.54137,1.54196,1.50,2.25
2012.07.17 22:19:49.646,1.54132,1.54192,2.25,1.50
2012.07.17 22:19:49.972,1.54132,1.54187,2.25,1.50
2012.07.17 22:19:50.035,1.54122,1.54182,2.25,1.50
2012.07.17 22:19:50.097,1.54122,1.54181,2.25,1.50
2012.07.17 22:19:50.406,1.54117,1.54177,2.25,1.50
2012.07.17 22:19:51.519,1.54117,1.54177,2.25,1.50
2012.07.17 22:19:51.657,1.54127,1.54177,2.25,1.50
2012.07.17 22:19:51.719,1.54127,1.54187,2.25,1.50
2012.07.17 22:19:51.782,1.54136,1.54194,2.25,1.50
2012.07.17 22:19:51.963,1.54136,1.54194,2.25,2.25
2012.07.17 22:19:52.025,1.54129,1.5419,2.25,1.50
2012.07.17 22:19:54.268,1.54129,1.5419,2.25,1.50
2012.07.17 22:19:56.160,1.54136,1.54194,2.25,1.50
2012.07.17 22:19:56.277,1.54136,1.54194,2.25,1.50
2012.07.17 22:19:58.448,1.54136,1.54194,2.25,1.50
2012.07.17 22:20:16.532,1.54136,1.54194,2.25,1.50
2012.07.17 22:20:17.156,1.54131,1.54192,2.25,1.50
2012.07.17 22:20:36.066,1.54137,1.54194,2.25,1.50
2012.07.17 22:20:36.406,1.5414,1.542,2.25,1.50
2012.07.17 22:20:37.492,1.54137,1.54197,2.25,1.50
2012.07.17 22:20:37.978,1.54137,1.54194,2.25,2.93
2012.07.17 22:20:50.860,1.54141,1.54194,2.25,1.43
2012.07.17 22:20:51.099,1.54145,1.54196,2.25,1.43
2012.07.17 22:20:51.288,1.54145,1.54195,2.25,1.43
2012.07.17 22:20:58.584,1.54139,1.54195,1.50,1.43
2012.07.17 22:21:00.002,1.54144,1.54195,1.50,1.43
2012.07.17 22:21:00.421,1.54146,1.54195,1.50,1.43
2012.07.17 22:21:03.985,1.5414,1.54195,1.50,1.43
2012.07.17 22:21:11.889,1.5414,1.54198,1.50,2.93
2012.07.17 22:21:19.958,1.54145,1.54198,1.50,1.43
2012.07.17 22:21:20.020,1.54145,1.542,1.50,1.43
2012.07.17 22:21:20.245,1.54145,1.54202,1.50,1.50
2012.07.17 22:21:37.027,1.54146,1.54202,1.50,1.50
2012.07.17 22:21:37.088,1.54149,1.54203,1.50,1.43
2012.07.17 22:21:37.675,1.54149,1.54204,1.50,1.43
2012.07.17 22:21:43.434,1.54149,1.54207,1.50,2.93
2012.07.17 22:21:43.962,1.54149,1.54207,1.50,1.50
2012.07.17 22:21:44.669,1.54149,1.54207,2.25,1.50
2012.07.17 22:21:46.139,1.54149,1.54207,1.50,1.50
2012.07.17 22:21:46.335,1.54149,1.54206,1.50,1.43
2012.07.17 22:21:49.354,1.54149,1.54207,1.50,1.50
2012.07.17 22:21:53.598,1.54151,1.54207,2.25,1.50
2012.07.17 22:22:03.038,1.54154,1.54208,1.50,2.18
2012.07.17 22:22:03.114,1.54151,1.54205,1.50,1.50
2012.07.17 22:22:03.284,1.54146,1.54205,2.25,1.50
2012.07.17 22:22:03.365,1.54146,1.54205,2.25,1.50
2012.07.17 22:22:03.534,1.54146,1.54205,2.25,2.25
2012.07.17 22:22:04.580,1.54132,1.54186,2.25,1.50
2012.07.17 22:22:04.918,1.54125,1.54185,2.25,1.50
2012.07.17 22:22:05.251,1.54125,1.54184,2.25,1.50
2012.07.17 22:22:05.876,1.54123,1.5418,1.05,1.50
2012.07.17 22:22:06.339,1.54123,1.5418,1.05,1.50
2012.07.17 22:22:08.443,1.54123,1.5418,1.05,1.50
2012.07.17 22:22:10.555,1.54125,1.54183,2.25,1.50
2012.07.17 22:22:11.599,1.54131,1.54188,2.25,1.50
2012.07.17 22:22:15.867,1.54126,1.54184,1.05,1.50
2012.07.17 22:22:16.546,1.5413,1.54188,2.25,1.50
2012.07.17 22:22:19.443,1.54127,1.54185,2.25,1.50
2012.07.17 22:22:21.791,1.54128,1.54186,2.25,1.50
2012.07.17 22:22:23.218,1.54128,1.54186,2.25,1.50
2012.07.17 22:22:23.334,1.54126,1.54183,1.05,1.50
2012.07.17 22:22:27.464,1.54126,1.54183,1.05,1.50
2012.07.17 22:22:28.139,1.5412,1.54177,2.55,1.50
2012.07.17 22:22:28.330,1.5412,1.54177,2.55,1.50
2012.07.17 22:22:35.094,1.54124,1.54183,2.25,1.50
2012.07.17 22:22:36.259,1.54124,1.54183,2.25,1.50
2012.07.17 22:22:36.771,1.54123,1.5418,1.05,1.50
2012.07.17 22:22:37.354,1.54148,1.54184,1.50,1.50
2012.07.17 22:22:37.415,1.5415,1.54203,1.50,1.21
2012.07.17 22:22:37.532,1.5415,1.54204,2.25,1.43
2012.07.17 22:22:37.649,1.5415,1.54206,2.25,1.43
2012.07.17 22:22:53.594,1.5415,1.54191,2.25,1.43
2012.07.17 22:23:02.296,1.54151,1.5419,2.25,1.43
2012.07.17 22:23:02.406,1.54151,1.54193,2.25,1.43
2012.07.17 22:23:03.944,1.54156,1.54192,2.25,1.43
2012.07.17 22:23:04.062,1.54152,1.54189,2.25,1.43
2012.07.17 22:23:04.589,1.54158,1.54191,1.50,1.43
2012.07.17 22:23:05.052,1.54158,1.54187,1.50,1.43
2012.07.17 22:23:05.391,1.54153,1.5419,2.25,1.43
2012.07.17 22:23:06.172,1.54139,1.54188,1.05,1.50
2012.07.17 22:23:06.291,1.54131,1.54188,2.25,1.50
2012.07.17 22:23:06.408,1.54124,1.54184,2.25,2.93
2012.07.17 22:23:06.470,1.54131,1.54171,1.50,1.43
2012.07.17 22:23:06.811,1.54135,1.54171,2.25,1.43
2012.07.17 22:23:09.127,1.54135,1.54171,2.25,1.43
2012.07.17 22:23:09.996,1.54135,1.54171,2.25,1.43
2012.07.17 22:23:25.388,1.54131,1.54172,2.25,1.43
2012.07.17 22:23:25.935,1.54131,1.54173,2.25,1.43
2012.07.17 22:23:39.697,1.54131,1.54172,2.25,1.43
2012.07.17 22:23:39.814,1.54129,1.54169,2.25,1.43
2012.07.17 22:23:40.314,1.54126,1.5417,2.25,1.43
2012.07.17 22:23:40.496,1.54126,1.5417,2.25,1.43
2012.07.17 22:23:40.843,1.54132,1.54169,1.50,1.43
2012.07.17 22:23:41.070,1.54128,1.54169,2.25,1.43
2012.07.17 22:23:41.242,1.54128,1.54171,2.25,1.43
2012.07.17 22:23:41.457,1.54128,1.54169,2.25,1.43
2012.07.17 22:23:41.629,1.54128,1.54169,1.50,1.43
2012.07.17 22:23:41.912,1.54128,1.54172,1.50,1.43
2012.07.17 22:23:41.974,1.54128,1.54172,2.25,1.43
2012.07.17 22:23:42.326,1.54133,1.54169,2.25,1.43
2012.07.17 22:24:12.769,1.5413,1.5416,2.25,1.43
2012.07.17 22:24:13.022,1.54125,1.5416,2.25,1.43
2012.07.17 22:24:28.537,1.54118,1.5416,1.50,1.43
2012.07.17 22:24:28.598,1.54118,1.54158,1.50,1.43
2012.07.17 22:24:28.980,1.54113,1.54155,2.25,1.43
2012.07.17 22:24:29.519,1.54113,1.54154,2.25,1.43
2012.07.17 22:24:34.627,1.54119,1.54166,2.25,1.43
2012.07.17 22:25:00.426,1.54116,1.54166,2.25,1.43
2012.07.17 22:25:01.188,1.54116,1.54166,2.25,1.43
2012.07.17 22:25:07.232,1.54116,1.54166,2.25,1.43
2012.07.17 22:25:12.298,1.54116,1.54166,2.25,1.43
2012.07.17 22:25:16.522,1.54116,1.54166,2.25,1.43
2012.07.17 22:25:29.392,1.54116,1.5417,2.25,1.43
2012.07.17 22:25:42.931,1.54112,1.5416,2.25,1.43
2012.07.17 22:25:59.458,1.54103,1.5416,2.25,1.43
2012.07.17 22:26:02.598,1.54103,1.54163,2.25,2.93
2012.07.17 22:26:03.209,1.54103,1.54162,2.25,1.43
2012.07.17 22:26:03.761,1.54107,1.54162,1.50,1.43
2012.07.17 22:26:07.269,1.54107,1.54162,2.25,1.43
2012.07.17 22:26:14.547,1.54115,1.54162,2.25,1.43
2012.07.17 22:26:15.303,1.54108,1.54162,2.25,1.43
2012.07.17 22:26:15.418,1.54108,1.54162,2.25,1.43
2012.07.17 22:26:17.952,1.54108,1.54162,2.25,1.43
2012.07.17 22:26:23.907,1.54115,1.54162,2.25,1.43
2012.07.17 22:26:24.021,1.54115,1.54162,2.25,1.43
2012.07.17 22:26:24.192,1.54115,1.54159,2.25,1.43
2012.07.17 22:26:24.654,1.54115,1.54159,2.25,1.43
2012.07.17 22:26:24.719,1.54131,1.54161,2.25,1.43
2012.07.17 22:26:24.781,1.54131,1.54172,2.25,1.43
2012.07.17 22:26:24.987,1.54129,1.54166,2.25,1.43
2012.07.17 22:26:27.051,1.54134,1.54171,2.25,1.43
2012.07.17 22:26:35.899,1.54128,1.54171,2.25,1.43
2012.07.17 22:26:38.430,1.54135,1.54171,2.25,1.43
2012.07.17 22:26:51.650,1.54128,1.54171,2.25,1.43
2012.07.17 22:27:01.648,1.5413,1.54171,2.25,1.43
2012.07.17 22:27:01.981,1.54121,1.54171,2.25,1.43
2012.07.17 22:27:28.261,1.54129,1.54171,1.50,1.43
2012.07.17 22:27:28.436,1.54129,1.54175,1.50,1.50
2012.07.17 22:27:28.498,1.54132,1.54183,1.50,1.43
2012.07.17 22:27:28.616,1.54132,1.54183,1.50,2.18
2012.07.17 22:27:28.841,1.54129,1.54169,1.50,2.18
2012.07.17 22:27:29.017,1.54106,1.54165,2.25,1.50
2012.07.17 22:27:29.136,1.54112,1.54166,1.50,1.50
2012.07.17 22:27:29.518,1.54112,1.54158,1.50,1.43
2012.07.17 22:27:29.749,1.54112,1.54163,2.25,1.43
2012.07.17 22:27:29.924,1.54112,1.54163,1.50,1.43
2012.07.17 22:27:29.986,1.54112,1.54159,1.50,1.43
2012.07.17 22:27:30.215,1.54112,1.54164,1.50,2.18
2012.07.17 22:27:30.276,1.54112,1.54164,2.25,1.43
2012.07.17 22:27:30.393,1.54112,1.54164,1.50,2.18
2012.07.17 22:27:30.540,1.54112,1.54158,1.50,1.43
2012.07.17 22:27:31.131,1.54112,1.54158,2.25,1.43
2012.07.17 22:27:32.011,1.5412,1.54158,1.50,1.43
2012.07.17 22:27:32.510,1.54108,1.54158,2.25,1.43
2012.07.17 22:27:33.030,1.54108,1.54159,2.25,1.43
2012.07.17 22:27:34.942,1.54112,1.54159,2.25,1.43
2012.07.17 22:27:35.119,1.54126,1.54164,2.25,1.43
2012.07.17 22:27:35.239,1.54126,1.54174,2.25,1.43
2012.07.17 22:27:35.302,1.54132,1.54174,1.50,1.43
2012.07.17 22:27:35.642,1.54132,1.54169,1.50,1.43
2012.07.17 22:27:35.705,1.54127,1.54174,1.50,1.43
2012.07.17 22:27:36.002,1.54127,1.54174,2.25,1.43
2012.07.17 22:27:36.120,1.54127,1.54174,1.50,1.43
2012.07.17 22:27:36.466,1.54127,1.54174,2.25,1.43
2012.07.17 22:27:56.171,1.54133,1.54174,2.25,1.43
2012.07.17 22:27:56.687,1.54147,1.54174,1.50,1.43
2012.07.17 22:27:56.804,1.54149,1.54193,1.50,1.43
2012.07.17 22:27:56.921,1.54149,1.54193,1.50,1.43
2012.07.17 22:27:57.364,1.54155,1.54197,1.50,1.43
2012.07.17 22:28:04.668,1.54154,1.54197,1.50,1.43
2012.07.17 22:28:04.729,1.5415,1.54197,1.50,1.43
2012.07.17 22:28:04.946,1.5415,1.54197,1.50,2.18
2012.07.17 22:28:25.492,1.54151,1.54209,1.50,2.25
2012.07.17 22:28:30.350,1.54151,1.5421,1.50,1.50
2012.07.17 22:28:31.118,1.54151,1.5421,1.50,1.50
2012.07.17 22:28:31.513,1.54149,1.54207,1.50,1.43
2012.07.17 22:28:32.325,1.54146,1.54207,1.80,2.93
2012.07.17 22:28:32.670,1.54146,1.54207,1.80,2.93
2012.07.17 22:28:32.977,1.54138,1.54198,1.80,1.50
2012.07.17 22:28:33.041,1.54138,1.54198,1.80,1.50
2012.07.17 22:28:34.191,1.54137,1.54198,1.80,1.50
2012.07.17 22:28:34.555,1.54144,1.54202,1.50,3.68
2012.07.17 22:28:34.905,1.54146,1.54202,1.50,2.18
2012.07.17 22:28:35.851,1.54146,1.54202,2.25,1.43
2012.07.17 22:28:38.161,1.54146,1.54202,1.50,2.18
2012.07.17 22:28:38.493,1.54144,1.54198,1.50,1.50
2012.07.17 22:28:38.556,1.5414,1.54198,1.50,1.50
2012.07.17 22:28:39.498,1.5414,1.54198,2.25,1.50
2012.07.17 22:28:40.164,1.5414,1.54198,1.50,1.50
2012.07.17 22:28:41.926,1.5414,1.54198,2.25,1.50
2012.07.17 22:28:43.697,1.54145,1.54202,1.50,2.18
2012.07.17 22:28:43.759,1.5414,1.54198,1.50,1.50
2012.07.17 22:28:44.678,1.5414,1.54198,2.25,1.50
2012.07.17 22:28:47.637,1.54139,1.54198,2.25,1.50
2012.07.17 22:28:48.524,1.54138,1.54196,1.50,1.43
2012.07.17 22:28:48.734,1.54141,1.542,1.50,2.25
2012.07.17 22:28:48.796,1.54143,1.54202,2.25,1.50
2012.07.17 22:28:48.859,1.54143,1.54202,1.50,2.25
2012.07.17 22:28:49.177,1.54143,1.54202,2.25,1.50
2012.07.17 22:28:49.405,1.54143,1.54202,1.50,2.25
2012.07.17 22:28:49.635,1.54143,1.54202,2.25,1.50
2012.07.17 22:28:49.850,1.54143,1.54202,1.50,2.25
2012.07.17 22:28:50.171,1.54143,1.54202,2.25,1.50
2012.07.17 22:28:50.496,1.54143,1.54202,1.50,2.25
2012.07.17 22:28:50.724,1.54143,1.54202,2.25,1.50
2012.07.17 22:28:50.944,1.54143,1.54202,1.50,2.25
2012.07.17 22:28:51.203,1.54143,1.54202,2.25,1.50
2012.07.17 22:28:51.402,1.54143,1.54202,1.50,2.25
2012.07.17 22:28:51.706,1.54143,1.54202,2.25,1.50
2012.07.17 22:28:51.825,1.54143,1.54202,1.50,2.25
2012.07.17 22:28:52.344,1.54143,1.54202,2.25,1.50
2012.07.17 22:28:55.392,1.5415,1.54206,1.50,2.18
2012.07.17 22:29:00.949,1.54144,1.54204,2.25,2.25
2012.07.17 22:29:01.537,1.54144,1.54203,2.25,1.50
2012.07.17 22:29:01.715,1.54143,1.54202,2.25,1.43
2012.07.17 22:29:08.192,1.54143,1.54202,2.25,1.43
2012.07.17 22:29:08.254,1.54143,1.54202,2.25,1.43
2012.07.17 22:29:26.529,1.54143,1.54202,2.25,1.43
2012.07.17 22:29:26.702,1.54155,1.54207,1.50,2.25
2012.07.17 22:29:26.765,1.54155,1.54207,2.25,1.50
2012.07.17 22:29:26.828,1.54156,1.54212,2.25,1.43
2012.07.17 22:29:27.502,1.54148,1.54209,1.50,1.50
2012.07.17 22:29:27.675,1.54148,1.54207,1.50,3.68
2012.07.17 22:29:32.275,1.54154,1.54211,1.50,2.18
2012.07.17 22:29:32.614,1.54149,1.54206,1.50,3.68
2012.07.17 22:29:35.507,1.54149,1.54206,1.50,3.68
2012.07.17 22:29:36.050,1.5414,1.54201,1.50,1.43
2012.07.17 22:29:42.443,1.5414,1.54201,2.25,1.43
2012.07.17 22:29:43.028,1.54149,1.54201,1.50,1.43
2012.07.17 22:29:43.346,1.54154,1.54201,1.50,1.43
2012.07.17 22:29:43.704,1.54154,1.54211,1.50,2.18
2012.07.17 22:29:43.767,1.54154,1.54211,2.25,1.43
2012.07.17 22:29:43.902,1.5416,1.54211,1.50,1.43
2012.07.17 22:29:44.031,1.54155,1.54211,2.25,1.43
2012.07.17 22:29:47.766,1.5416,1.54211,1.50,1.43
2012.07.17 22:29:53.759,1.5416,1.54211,2.25,1.43
2012.07.17 22:29:53.946,1.5416,1.54219,2.25,1.50
2012.07.17 22:29:54.175,1.54167,1.54222,1.50,1.43
2012.07.17 22:29:54.237,1.54172,1.54222,1.50,1.43
2012.07.17 22:29:54.577,1.54178,1.54231,1.50,1.43
2012.07.17 22:29:54.639,1.54184,1.54231,1.50,1.43
2012.07.17 22:29:54.812,1.54184,1.5424,2.25,1.43
2012.07.17 22:29:54.874,1.54184,1.5424,1.50,2.18
2012.07.17 22:29:55.160,1.54179,1.54236,1.50,1.43
2012.07.17 22:30:02.704,1.54179,1.54236,2.25,1.43
2012.07.17 22:30:02.822,1.54179,1.54237,2.25,1.50
2012.07.17 22:30:03.437,1.54179,1.54237,1.50,2.25
2012.07.17 22:30:03.856,1.54179,1.54237,1.50,3.68
2012.07.17 22:30:06.114,1.54179,1.54234,1.50,1.43
2012.07.17 22:30:06.229,1.54176,1.5423,2.25,1.50
2012.07.17 22:30:10.405,1.54173,1.5423,2.25,2.93
2012.07.17 22:30:11.078,1.54173,1.5423,2.25,1.50
2012.07.17 22:30:19.319,1.54173,1.5423,2.25,1.50
2012.07.17 22:30:20.736,1.54173,1.5423,1.50,1.50
2012.07.17 22:30:24.335,1.54175,1.5423,1.50,1.50
2012.07.17 22:30:24.883,1.54176,1.54232,1.50,1.50
2012.07.17 22:30:24.945,1.54172,1.54231,1.50,1.50
2012.07.17 22:30:27.477,1.54165,1.54225,2.25,1.50
2012.07.17 22:30:27.654,1.54164,1.54216,2.25,1.50
2012.07.17 22:30:28.002,1.54164,1.54211,1.50,1.50
2012.07.17 22:30:28.064,1.54164,1.54211,1.50,1.50
2012.07.17 22:30:28.183,1.54154,1.54211,2.55,1.50
2012.07.17 22:30:28.303,1.54155,1.54214,2.25,2.25
2012.07.17 22:30:29.457,1.54155,1.54214,2.25,1.50
2012.07.17 22:30:30.318,1.54155,1.54214,2.25,2.25
2012.07.17 22:30:30.830,1.54155,1.54214,2.25,2.25
2012.07.17 22:30:33.929,1.54155,1.54213,2.25,1.43
2012.07.17 22:30:34.270,1.5415,1.54208,2.25,1.50
2012.07.17 22:30:34.387,1.5415,1.54208,2.55,1.50
2012.07.17 22:30:38.526,1.54157,1.54211,1.50,1.50
2012.07.17 22:30:38.588,1.54157,1.54214,1.50,2.25
2012.07.17 22:30:44.406,1.54157,1.54214,2.25,1.50
2012.07.17 22:30:46.184,1.54157,1.54214,1.50,2.25
2012.07.17 22:30:47.336,1.54155,1.54214,2.25,1.50
2012.07.17 22:30:53.982,1.54157,1.54215,1.50,2.18
2012.07.17 22:30:54.441,1.54164,1.54215,2.25,1.43
2012.07.17 22:30:59.621,1.54168,1.54215,1.50,1.43
2012.07.17 22:30:59.683,1.54168,1.54225,1.50,2.18
2012.07.17 22:31:00.389,1.54168,1.54227,1.50,2.25
2012.07.17 22:31:19.489,1.54166,1.54225,3.75,2.25
2012.07.17 22:31:32.127,1.54166,1.54225,2.25,3.68
2012.07.17 22:31:32.741,1.54166,1.54225,2.25,2.25
2012.07.17 22:31:36.254,1.54166,1.54225,2.25,1.50
2012.07.17 22:31:40.076,1.54172,1.54229,2.25,2.93
2012.07.17 22:31:40.138,1.54172,1.54229,1.50,3.68
2012.07.17 22:31:41.543,1.54172,1.54229,2.25,2.93
2012.07.17 22:31:45.555,1.54172,1.54229,2.25,1.50
2012.07.17 22:31:45.637,1.54176,1.54231,2.25,1.50
2012.07.17 22:31:45.699,1.54176,1.54235,2.25,2.18
2012.07.17 22:31:50.423,1.54177,1.54235,1.05,2.18
2012.07.17 22:31:50.826,1.54175,1.54235,2.25,3.68
2012.07.17 22:31:50.947,1.54177,1.54234,2.25,2.18
2012.07.17 22:31:51.312,1.54177,1.5423,2.25,1.43
2012.07.17 22:31:54.793,1.54184,1.5423,2.25,2.93
2012.07.17 22:31:55.131,1.54186,1.54244,2.25,1.43
2012.07.17 22:31:55.193,1.54186,1.54244,2.25,2.18
2012.07.17 22:31:55.372,1.54186,1.54239,2.25,1.43
2012.07.17 22:32:00.526,1.54181,1.54238,2.25,1.43
2012.07.17 22:32:00.974,1.54181,1.54239,2.25,1.50
2012.07.17 22:32:05.772,1.54181,1.54239,2.63,1.50
2012.07.17 22:32:06.005,1.54189,1.54246,1.05,1.50
2012.07.17 22:32:06.235,1.54189,1.54245,1.05,1.43
2012.07.17 22:32:06.892,1.54182,1.5424,2.25,1.43
2012.07.17 22:32:08.646,1.5418,1.54238,2.25,2.93
2012.07.17 22:32:08.876,1.54176,1.54236,2.25,1.50
2012.07.17 22:32:09.469,1.54176,1.54233,2.25,1.50
2012.07.17 22:32:10.035,1.54176,1.54233,2.25,1.50
2012.07.17 22:32:10.451,1.54176,1.54233,2.25,2.93
2012.07.17 22:32:10.513,1.54176,1.54233,2.25,2.93
2012.07.17 22:32:11.027,1.54176,1.54233,2.25,2.93
2012.07.17 22:32:16.901,1.54173,1.54233,2.25,2.93
2012.07.17 22:32:16.964,1.54173,1.54233,2.55,1.50
2012.07.17 22:32:17.027,1.54175,1.54234,2.25,2.93
2012.07.17 22:32:17.225,1.54179,1.54238,2.25,2.93
2012.07.17 22:32:17.399,1.54179,1.54238,2.25,1.50
2012.07.17 22:32:17.462,1.54179,1.54238,1.50,1.50
2012.07.17 22:32:18.152,1.54179,1.54235,1.50,1.43
2012.07.17 22:32:18.216,1.54177,1.54232,2.25,1.50
2012.07.17 22:32:21.918,1.54173,1.54232,2.55,1.50
2012.07.17 22:32:32.822,1.54179,1.54235,1.50,1.43
2012.07.17 22:32:32.945,1.54175,1.5423,2.25,1.43
2012.07.17 22:32:39.546,1.54175,1.5423,2.25,1.43
2012.07.17 22:32:39.608,1.54175,1.54232,2.25,1.43
2012.07.17 22:33:00.506,1.54176,1.54236,2.25,2.93
2012.07.17 22:33:04.472,1.54176,1.54236,2.25,3.68
2012.07.17 22:33:13.701,1.54176,1.54236,2.25,2.93
2012.07.17 22:33:24.700,1.54183,1.54236,1.50,2.18
2012.07.17 22:33:27.787,1.54183,1.54236,2.25,1.43
2012.07.17 22:33:28.010,1.54183,1.54236,1.50,2.18
2012.07.17 22:33:28.114,1.54183,1.54236,2.25,1.43
2012.07.17 22:33:36.214,1.54184,1.54236,2.25,1.43
2012.07.17 22:33:36.526,1.54184,1.54236,2.25,1.43
2012.07.17 22:33:36.650,1.54178,1.54236,1.50,2.18
2012.07.17 22:33:39.027,1.54175,1.54233,1.05,2.25
2012.07.17 22:33:39.144,1.54178,1.54236,1.50,2.18
2012.07.17 22:33:39.264,1.54172,1.54231,2.25,1.50
2012.07.17 22:33:52.181,1.54174,1.54233,2.55,2.25
2012.07.17 22:33:52.243,1.54174,1.54233,2.55,2.25
2012.07.17 22:33:55.579,1.54174,1.54233,2.55,1.50
2012.07.17 22:34:12.744,1.54177,1.54235,2.25,2.93
2012.07.17 22:34:21.355,1.54177,1.54235,1.80,2.25
2012.07.17 22:34:21.474,1.54185,1.54235,1.05,1.50
2012.07.17 22:34:31.775,1.54177,1.54235,2.55,2.25
2012.07.17 22:34:31.950,1.54177,1.54235,2.55,2.25
2012.07.17 22:34:32.324,1.54182,1.54235,1.05,1.50
2012.07.17 22:34:33.720,1.54182,1.54238,1.05,1.50
2012.07.17 22:34:36.719,1.54179,1.54238,1.80,2.25
2012.07.17 22:34:37.115,1.54179,1.54238,1.50,1.50
2012.07.17 22:34:37.178,1.54179,1.54235,1.50,2.25
2012.07.17 22:34:37.483,1.54171,1.54229,1.05,1.50
2012.07.17 22:34:40.500,1.54174,1.54229,2.25,1.50
2012.07.17 22:34:40.562,1.54174,1.54233,2.25,2.93
2012.07.17 22:34:47.491,1.54174,1.54233,1.50,3.68
2012.07.17 22:34:47.669,1.54167,1.54227,2.55,3.68
2012.07.17 22:34:48.216,1.54167,1.54222,1.05,1.43
2012.07.17 22:34:53.312,1.54161,1.54218,2.25,1.43
2012.07.17 22:34:53.428,1.54161,1.54216,1.50,1.50
2012.07.17 22:34:53.489,1.54156,1.54215,2.25,1.50
2012.07.17 22:35:00.187,1.54157,1.54215,1.05,2.25
2012.07.17 22:35:08.465,1.54156,1.54215,2.25,2.25
2012.07.17 22:35:08.774,1.54156,1.54213,2.25,2.18
2012.07.17 22:35:09.494,1.5415,1.5421,2.55,1.50
2012.07.17 22:35:25.698,1.5415,1.54209,2.55,1.50
2012.07.17 22:35:26.273,1.5415,1.54209,2.25,1.50
2012.07.17 22:35:29.191,1.54153,1.54213,2.25,1.43
2012.07.17 22:35:29.253,1.54153,1.54214,2.25,2.25
2012.07.17 22:35:29.779,1.54153,1.54214,2.25,2.25
2012.07.17 22:35:31.037,1.54153,1.54214,2.25,1.50
2012.07.17 22:35:38.561,1.54154,1.54215,2.55,1.50
2012.07.17 22:35:48.132,1.54159,1.54215,2.25,1.50
2012.07.17 22:35:48.195,1.54159,1.54219,1.50,2.25
2012.07.17 22:35:54.520,1.54159,1.54219,2.55,1.50
2012.07.17 22:35:59.312,1.54166,1.5422,2.25,2.93
2012.07.17 22:36:06.168,1.54163,1.5422,2.25,1.43
2012.07.17 22:36:17.663,1.54166,1.54223,2.25,1.43
2012.07.17 22:36:17.726,1.54166,1.54223,2.25,2.18
2012.07.17 22:36:17.846,1.54166,1.54224,2.25,3.68
2012.07.17 22:36:18.182,1.54164,1.54215,2.25,1.43
2012.07.17 22:36:18.298,1.54161,1.54217,2.25,1.50
2012.07.17 22:36:20.509,1.5416,1.54217,2.25,1.50
2012.07.17 22:36:20.725,1.5416,1.54217,2.25,1.50
2012.07.17 22:36:21.503,1.5416,1.54217,2.25,1.50
2012.07.17 22:36:26.719,1.54168,1.54218,2.25,1.43
2012.07.17 22:36:26.846,1.54168,1.54227,2.25,1.50
2012.07.17 22:36:37.256,1.54168,1.54227,2.25,2.25
2012.07.17 22:36:37.322,1.54162,1.54224,2.25,1.50
2012.07.17 22:36:39.289,1.54168,1.54227,2.25,3.38
2012.07.17 22:36:39.495,1.54168,1.54227,1.50,2.63
2012.07.17 22:36:39.889,1.54163,1.54224,2.25,2.25
2012.07.17 22:36:46.143,1.54167,1.54224,2.25,2.25
2012.07.17 22:36:50.962,1.54167,1.54226,1.50,3.00
2012.07.17 22:36:51.021,1.54167,1.54226,2.25,2.25
2012.07.17 22:36:58.221,1.54167,1.54226,2.25,3.00
2012.07.17 22:36:59.753,1.54167,1.54226,2.25,2.25
2012.07.17 22:36:59.872,1.54167,1.54226,2.25,3.00
2012.07.17 22:37:00.150,1.54162,1.54222,2.25,1.50
2012.07.17 22:37:10.387,1.54168,1.54225,1.50,2.18
2012.07.17 22:37:11.102,1.54162,1.54224,2.25,2.25
2012.07.17 22:37:13.941,1.54169,1.54224,1.50,2.25
2012.07.17 22:37:15.126,1.54167,1.54224,2.25,2.18
2012.07.17 22:37:15.522,1.54162,1.5422,2.25,1.43
2012.07.17 22:37:15.692,1.54163,1.5422,2.25,2.93
2012.07.17 22:37:24.484,1.54163,1.5422,2.25,1.50
2012.07.17 22:37:24.599,1.54168,1.54222,2.25,1.43
2012.07.17 22:37:26.084,1.54168,1.54222,1.50,1.43
2012.07.17 22:37:30.826,1.54168,1.54225,1.50,1.43
2012.07.17 22:37:31.355,1.54168,1.54224,1.50,1.43
2012.07.17 22:37:31.862,1.54164,1.54221,2.25,1.50
2012.07.17 22:37:36.725,1.54164,1.54221,1.50,1.50
2012.07.17 22:37:42.788,1.54164,1.54215,1.50,1.43
2012.07.17 22:37:42.927,1.54161,1.54215,1.50,3.68
2012.07.17 22:37:43.047,1.54156,1.54215,2.25,3.68
2012.07.17 22:37:43.506,1.54156,1.54215,1.50,3.68
2012.07.17 22:37:52.641,1.54156,1.54215,2.25,3.68
2012.07.17 22:37:53.180,1.54157,1.54215,2.25,1.43
2012.07.17 22:37:53.754,1.54157,1.54215,1.50,1.43
2012.07.17 22:37:54.094,1.54157,1.54215,2.25,1.43
2012.07.17 22:37:54.420,1.54164,1.54209,2.25,1.43
2012.07.17 22:37:54.513,1.54164,1.54209,1.50,1.43
2012.07.17 22:37:54.576,1.54164,1.54211,1.50,1.43
2012.07.17 22:37:54.644,1.54164,1.54211,2.25,1.43
2012.07.17 22:37:54.761,1.54164,1.54213,2.25,1.43
2012.07.17 22:37:57.273,1.54164,1.54214,2.25,1.43
2012.07.17 22:37:59.601,1.54164,1.54217,2.25,1.43
2012.07.17 22:37:59.773,1.54164,1.54217,2.25,1.43
2012.07.17 22:37:59.834,1.54164,1.5422,2.25,1.43
2012.07.17 22:38:00.853,1.54164,1.5422,2.25,1.43
2012.07.17 22:38:01.261,1.54164,1.5422,2.25,1.43
2012.07.17 22:38:01.520,1.54164,1.5422,2.25,1.43
2012.07.17 22:38:01.703,1.54164,1.54218,2.25,1.43
2012.07.17 22:38:02.181,1.54164,1.54218,1.50,1.43
2012.07.17 22:38:02.373,1.54164,1.54218,2.25,1.43
2012.07.17 22:38:02.494,1.54164,1.54218,1.50,2.18
2012.07.17 22:38:03.137,1.54157,1.54214,2.25,1.50
2012.07.17 22:38:04.336,1.54157,1.54214,1.50,2.25
2012.07.17 22:38:04.738,1.54157,1.54214,2.25,1.50
2012.07.17 22:38:05.287,1.5416,1.54214,2.25,1.43
2012.07.17 22:38:06.833,1.5416,1.54214,2.25,3.39
2012.07.17 22:38:07.121,1.54154,1.54213,2.25,1.21
2012.07.17 22:38:07.294,1.54154,1.54211,2.25,2.93
2012.07.17 22:38:07.602,1.54152,1.54212,2.25,1.50
2012.07.17 22:38:07.965,1.54157,1.54215,2.25,1.89
2012.07.17 22:38:08.324,1.54151,1.54213,2.25,1.96
2012.07.17 22:38:09.587,1.54157,1.54215,2.25,1.89
2012.07.17 22:38:11.490,1.54157,1.54215,2.25,1.89
2012.07.17 22:38:12.734,1.54157,1.54215,2.25,1.89
2012.07.17 22:38:13.762,1.54157,1.54215,2.25,1.89
2012.07.17 22:38:14.237,1.54157,1.54215,2.25,1.89
2012.07.17 22:38:15.039,1.54157,1.54215,2.25,1.89
2012.07.17 22:38:15.731,1.54157,1.54215,2.25,1.89
2012.07.17 22:38:15.795,1.54157,1.54215,2.25,1.89
2012.07.17 22:38:15.913,1.54157,1.5421,2.25,1.43
2012.07.17 22:38:17.135,1.54157,1.5421,2.25,1.43
2012.07.17 22:38:17.439,1.54157,1.5421,2.25,1.43
2012.07.17 22:38:17.558,1.5416,1.54215,2.25,1.89
2012.07.17 22:38:20.392,1.54155,1.54215,2.25,1.89
2012.07.17 22:38:20.511,1.54147,1.54208,2.55,1.50
2012.07.17 22:38:20.630,1.54147,1.54205,1.05,1.50
2012.07.17 22:38:20.976,1.54145,1.54198,1.05,1.50
2012.07.17 22:38:21.037,1.54145,1.54198,1.05,1.50
2012.07.17 22:38:21.097,1.54145,1.542,1.05,1.43
2012.07.17 22:38:21.675,1.54142,1.54186,2.25,1.43
2012.07.17 22:38:21.850,1.54141,1.54198,2.25,1.50
2012.07.17 22:38:22.097,1.54139,1.54198,2.25,1.50
2012.07.17 22:38:22.326,1.54141,1.54201,2.25,2.93
2012.07.17 22:38:22.444,1.5414,1.54196,2.25,1.50
2012.07.17 22:38:22.840,1.54145,1.54196,2.25,1.43
2012.07.17 22:38:22.908,1.54141,1.54196,2.25,1.43
2012.07.17 22:38:23.194,1.54141,1.542,2.25,1.43
2012.07.17 22:38:23.819,1.54141,1.54199,2.25,1.43
2012.07.17 22:38:23.961,1.54141,1.54199,2.25,1.43
2012.07.17 22:38:25.623,1.54136,1.54196,2.25,1.50
2012.07.17 22:38:25.910,1.54136,1.54196,2.25,1.50
2012.07.17 22:38:25.987,1.54136,1.54196,2.25,1.50
2012.07.17 22:38:27.837,1.5414,1.54196,1.05,1.50
2012.07.17 22:38:29.651,1.54142,1.54198,2.25,1.50
2012.07.17 22:38:30.218,1.54142,1.54199,2.25,1.50
2012.07.17 22:38:34.965,1.54142,1.54199,2.25,1.50
2012.07.17 22:38:35.516,1.54142,1.54199,2.25,1.50
2012.07.17 22:38:38.596,1.54142,1.54199,2.25,1.50
2012.07.17 22:38:39.419,1.54142,1.54199,2.25,1.50
2012.07.17 22:38:46.726,1.54142,1.54199,2.25,1.50
2012.07.17 22:38:46.788,1.5414,1.54198,2.25,1.43
2012.07.17 22:38:47.185,1.54138,1.54197,1.05,1.50
2012.07.17 22:38:48.279,1.54138,1.54197,1.05,1.50
2012.07.17 22:38:48.395,1.54138,1.54197,1.05,1.50
2012.07.17 22:38:51.958,1.54143,1.54197,2.25,1.50
2012.07.17 22:38:52.499,1.54143,1.54198,2.25,1.43
2012.07.17 22:39:09.735,1.54143,1.542,2.25,1.50
2012.07.17 22:39:11.597,1.54143,1.542,2.25,1.50
2012.07.17 22:39:11.765,1.54139,1.54199,1.05,1.50
2012.07.17 22:39:32.519,1.54139,1.54199,2.55,1.50
2012.07.17 22:39:33.229,1.54139,1.542,2.55,1.50
2012.07.17 22:40:11.735,1.54139,1.542,1.50,1.50
2012.07.17 22:40:12.436,1.54147,1.54201,1.50,1.50
2012.07.17 22:40:12.507,1.54147,1.54204,1.50,1.50
2012.07.17 22:40:32.638,1.54147,1.54204,1.50,1.50
2012.07.17 22:40:32.697,1.54143,1.54203,1.50,1.50
2012.07.17 22:40:52.559,1.54144,1.54204,1.50,2.93
2012.07.17 22:40:54.559,1.54144,1.54204,2.25,2.93
2012.07.17 22:41:13.593,1.54144,1.54204,2.25,2.93
2012.07.17 22:41:13.978,1.54143,1.54202,2.25,1.50
2012.07.17 22:41:16.536,1.54143,1.54202,2.25,1.50
2012.07.17 22:41:24.466,1.54143,1.54202,2.25,1.50
2012.07.17 22:41:24.836,1.54148,1.54204,2.25,1.43
2012.07.17 22:41:25.064,1.54148,1.54208,2.55,1.50
2012.07.17 22:41:25.420,1.54148,1.54208,1.50,2.25
2012.07.17 22:41:54.261,1.54152,1.54208,1.50,2.25
2012.07.17 22:41:54.660,1.54154,1.54212,1.50,2.25
2012.07.17 22:42:00.077,1.54154,1.54212,2.25,1.50
2012.07.17 22:42:08.646,1.54158,1.54217,1.50,2.25
2012.07.17 22:42:08.997,1.54165,1.54221,1.50,2.18
2012.07.17 22:42:09.337,1.54151,1.5421,1.50,1.50
2012.07.17 22:42:19.481,1.54149,1.54208,1.50,2.25
2012.07.17 22:42:19.603,1.54145,1.54203,1.50,1.50
2012.07.17 22:42:22.058,1.54138,1.54198,1.50,1.50
2012.07.17 22:42:22.191,1.54132,1.54192,2.25,1.50
2012.07.17 22:42:28.000,1.54132,1.54192,1.50,2.93
2012.07.17 22:42:28.165,1.54132,1.54192,2.25,2.93
2012.07.17 22:42:38.174,1.54132,1.54192,1.50,2.93
2012.07.17 22:42:55.053,1.54132,1.54192,2.25,2.93
2012.07.17 22:43:22.245,1.54123,1.54192,1.05,1.43
2012.07.17 22:43:23.541,1.54126,1.54192,2.25,2.93
2012.07.17 22:43:23.936,1.54128,1.54187,2.25,1.50
2012.07.17 22:43:43.557,1.54129,1.54188,2.25,1.50
2012.07.17 22:43:47.589,1.54129,1.54188,1.50,1.50
2012.07.17 22:43:47.651,1.54124,1.54184,2.25,1.50
2012.07.17 22:43:47.714,1.54124,1.54184,1.50,1.50
2012.07.17 22:43:47.946,1.54114,1.54175,2.25,1.50
2012.07.17 22:43:48.009,1.54114,1.54173,2.25,2.25
2012.07.17 22:43:55.558,1.54114,1.54171,2.25,3.38
2012.07.17 22:43:56.153,1.54106,1.54165,2.25,1.50
2012.07.17 22:43:56.499,1.54112,1.54166,2.25,1.50
2012.07.17 22:43:56.563,1.54112,1.54171,2.25,1.50
2012.07.17 22:44:05.699,1.54118,1.54172,1.50,1.43
2012.07.17 22:44:06.237,1.54114,1.54172,2.25,2.93
2012.07.17 22:44:26.556,1.54113,1.54173,2.25,2.25
2012.07.17 22:44:30.449,1.54113,1.54173,2.25,1.50
2012.07.17 22:44:30.567,1.54119,1.54174,2.25,1.43
2012.07.17 22:44:30.947,1.54119,1.54176,2.25,1.50
2012.07.17 22:44:31.177,1.54119,1.54176,2.25,1.50
2012.07.17 22:44:31.240,1.54119,1.54176,1.50,1.50
2012.07.17 22:44:37.695,1.54117,1.54173,2.25,1.50
2012.07.17 22:44:46.928,1.54117,1.54173,2.25,2.18
2012.07.17 22:44:48.486,1.54117,1.54173,2.25,2.18
2012.07.17 22:44:48.899,1.54111,1.5417,2.25,1.50
2012.07.17 22:44:56.174,1.54111,1.5417,1.50,1.50
2012.07.17 22:44:57.575,1.54111,1.5417,1.50,1.50
2012.07.17 22:44:57.638,1.54111,1.5417,1.50,1.50
2012.07.17 22:45:00.936,1.54111,1.5417,2.25,1.50
2012.07.17 22:45:01.052,1.54116,1.5417,2.25,1.50
2012.07.17 22:45:01.114,1.54116,1.54173,2.25,2.18
2012.07.17 22:45:01.909,1.54115,1.54173,2.25,3.68
2012.07.17 22:45:04.449,1.5411,1.5417,1.80,1.50
2012.07.17 22:45:13.651,1.54116,1.54173,1.50,2.18
2012.07.17 22:45:18.475,1.54115,1.54173,1.50,3.68
2012.07.17 22:45:18.537,1.54111,1.5417,1.50,1.50
2012.07.17 22:45:38.578,1.5411,1.5417,1.50,1.50
2012.07.17 22:45:50.941,1.54115,1.5417,1.50,2.25
2012.07.17 22:45:51.094,1.54115,1.54172,2.25,1.50
2012.07.17 22:45:51.322,1.54119,1.54177,1.50,2.18
2012.07.17 22:45:51.663,1.54113,1.54174,1.80,1.50
2012.07.17 22:45:52.047,1.54113,1.54174,1.80,1.50
2012.07.17 22:45:52.312,1.54116,1.54174,1.05,2.25
2012.07.17 22:45:52.687,1.54118,1.54177,1.80,2.25
2012.07.17 22:45:54.395,1.54118,1.54177,1.80,2.25
2012.07.17 22:45:54.456,1.54118,1.54177,1.80,2.25
2012.07.17 22:45:54.573,1.54117,1.54176,1.80,1.50
2012.07.17 22:45:55.202,1.54111,1.54172,1.80,1.50
2012.07.17 22:45:56.486,1.54111,1.54172,1.80,1.50
2012.07.17 22:45:58.248,1.54111,1.54172,1.80,1.50
2012.07.17 22:45:58.355,1.54111,1.54172,1.80,1.50
2012.07.17 22:45:58.469,1.54111,1.54172,1.80,1.50
2012.07.17 22:46:01.795,1.54117,1.54174,1.50,2.25
2012.07.17 22:46:01.857,1.5411,1.5417,1.80,1.50
2012.07.17 22:46:02.256,1.5411,1.5417,1.80,1.50
2012.07.17 22:46:02.839,1.5411,1.5417,1.80,1.50
2012.07.17 22:46:12.586,1.5411,1.5417,1.80,1.50
2012.07.17 22:46:13.164,1.5411,1.5417,1.50,1.50
2012.07.17 22:46:13.436,1.54103,1.54164,1.80,1.50
2012.07.17 22:46:22.717,1.54103,1.54164,1.80,1.50
2012.07.17 22:46:37.664,1.54107,1.54164,1.50,1.50
2012.07.17 22:46:37.891,1.541,1.54162,1.80,1.50
2012.07.17 22:47:02.460,1.54102,1.54162,1.80,1.50
2012.07.17 22:47:02.942,1.54102,1.54162,1.80,1.50
2012.07.17 22:47:19.398,1.54106,1.54163,1.80,1.50
2012.07.17 22:47:22.980,1.54106,1.54163,1.80,1.50
2012.07.17 22:47:23.551,1.54101,1.54161,1.80,1.50
2012.07.17 22:47:34.338,1.54106,1.54163,1.80,1.50
2012.07.17 22:47:54.596,1.54108,1.54166,1.80,1.50
2012.07.17 22:47:56.008,1.54108,1.54166,1.80,1.50
2012.07.17 22:47:56.571,1.54103,1.54162,1.80,1.50
2012.07.17 22:47:58.134,1.5411,1.54162,1.50,1.50
2012.07.17 22:47:58.194,1.5411,1.54168,1.50,3.68
2012.07.17 22:48:07.252,1.5411,1.54168,1.50,3.68
2012.07.17 22:48:18.209,1.54109,1.54168,1.50,3.68
2012.07.17 22:48:24.529,1.54109,1.54168,1.50,3.68
2012.07.17 22:48:38.274,1.54108,1.54168,1.50,1.43
2012.07.17 22:48:39.043,1.54106,1.54166,2.55,1.50
2012.07.17 22:48:55.421,1.54106,1.54166,1.80,1.50
2012.07.17 22:49:00.379,1.54106,1.54166,2.55,1.50
2012.07.17 22:49:01.920,1.54106,1.54166,2.55,1.50
2012.07.17 22:49:04.441,1.54106,1.54166,1.80,1.50
2012.07.17 22:49:33.458,1.54106,1.54162,1.50,3.68
2012.07.17 22:49:33.521,1.54103,1.54159,1.50,1.50
2012.07.17 22:49:33.879,1.54099,1.54157,1.50,1.43
2012.07.17 22:49:34.165,1.54102,1.54157,1.50,1.43
2012.07.17 22:49:34.525,1.54104,1.54158,1.50,2.18
2012.07.17 22:49:57.193,1.54104,1.54158,1.50,2.18
2012.07.17 22:50:02.724,1.54104,1.54158,1.50,2.18
2012.07.17 22:50:14.731,1.54105,1.54158,1.50,2.18
2012.07.17 22:50:35.513,1.54106,1.54161,1.50,2.18
2012.07.17 22:50:35.593,1.54109,1.54161,1.50,2.18
2012.07.17 22:50:49.829,1.54104,1.54161,1.50,3.68
2012.07.17 22:50:53.663,1.54104,1.54161,1.50,3.68
2012.07.17 22:50:54.265,1.54104,1.54161,1.50,3.68
2012.07.17 22:50:56.783,1.54104,1.54161,1.50,3.68
2012.07.17 22:51:00.522,1.54104,1.54161,1.50,3.68
2012.07.17 22:51:03.371,1.54109,1.54161,1.50,2.18
2012.07.17 22:51:44.652,1.54106,1.54161,1.50,2.18
2012.07.17 22:52:00.828,1.54106,1.54161,1.50,1.43
2012.07.17 22:52:02.582,1.54106,1.54161,1.80,1.43
2012.07.17 22:52:28.553,1.54103,1.54162,1.80,1.50
2012.07.17 22:52:50.425,1.54103,1.54162,1.80,1.50
2012.07.17 22:52:52.836,1.54104,1.54162,1.05,1.50
2012.07.17 22:52:53.174,1.54103,1.54162,1.80,1.50
2012.07.17 22:53:02.521,1.54103,1.54162,1.50,1.50
2012.07.17 22:53:05.818,1.54097,1.54163,1.05,2.18
2012.07.17 22:53:32.890,1.54097,1.54154,1.05,2.25
2012.07.17 22:53:33.008,1.54097,1.54154,1.05,2.25
2012.07.17 22:53:33.387,1.54093,1.54154,1.80,1.50
2012.07.17 22:53:33.506,1.54096,1.54154,1.05,2.25
2012.07.17 22:53:34.306,1.54093,1.54154,1.80,1.50
2012.07.17 22:53:34.950,1.54096,1.54154,1.05,2.25
2012.07.17 22:53:35.121,1.54097,1.54154,1.80,2.25
2012.07.17 22:53:35.183,1.54097,1.54156,1.80,2.25
2012.07.17 22:53:39.224,1.54098,1.54158,1.80,1.50
2012.07.17 22:53:40.244,1.54098,1.54158,1.80,1.50
2012.07.17 22:54:00.101,1.5409,1.5415,1.80,1.43
2012.07.17 22:54:22.514,1.5409,1.5415,1.50,2.93
2012.07.17 22:54:22.631,1.54087,1.54145,1.05,2.25
2012.07.17 22:54:22.693,1.54085,1.54145,1.80,1.50
2012.07.17 22:54:29.268,1.54086,1.54145,1.05,2.25
2012.07.17 22:54:34.190,1.5409,1.54145,1.50,2.25
2012.07.17 22:54:36.914,1.5409,1.54149,1.50,2.25
2012.07.17 22:54:51.585,1.5409,1.54149,1.50,2.25
2012.07.17 22:54:53.561,1.5409,1.54149,1.50,2.25
2012.07.17 22:54:54.330,1.5409,1.54149,1.50,2.25
2012.07.17 22:55:01.041,1.5409,1.54149,1.50,2.25
2012.07.17 22:55:01.279,1.5409,1.54149,1.50,2.25
2012.07.17 22:55:03.570,1.5409,1.54149,1.50,2.25
2012.07.17 22:55:09.929,1.54085,1.54145,1.80,1.50
2012.07.17 22:55:12.739,1.54085,1.54145,1.80,1.50
2012.07.17 22:55:13.360,1.54086,1.54145,1.05,2.25
2012.07.17 22:55:30.489,1.54087,1.54145,1.80,1.50
2012.07.17 22:55:31.440,1.54087,1.54146,1.80,1.50
2012.07.17 22:55:31.557,1.54087,1.54146,1.80,1.50
2012.07.17 22:55:32.651,1.54087,1.54146,1.80,1.50
2012.07.17 22:55:39.360,1.54087,1.54146,1.80,1.50
2012.07.17 22:55:39.592,1.54096,1.5415,1.05,1.43
2012.07.17 22:55:39.655,1.54096,1.54153,1.05,2.25
2012.07.17 22:55:39.950,1.54097,1.54153,1.50,2.25
2012.07.17 22:55:50.945,1.54103,1.54153,1.11,2.25
2012.07.17 22:55:51.061,1.54092,1.54149,1.80,2.25
2012.07.17 22:55:54.231,1.54095,1.5415,1.05,1.50
2012.07.17 22:55:54.404,1.54095,1.54149,1.05,1.50
2012.07.17 22:55:54.523,1.54087,1.54142,1.05,1.50
2012.07.17 22:55:54.586,1.54087,1.54139,1.05,1.50
2012.07.17 22:55:54.815,1.54086,1.54139,1.05,1.50
2012.07.17 22:55:57.273,1.54077,1.54139,1.42,1.50
2012.07.17 22:55:57.606,1.54086,1.54139,1.05,1.50
2012.07.17 22:56:00.627,1.54086,1.54143,1.05,2.93
2012.07.17 22:56:06.730,1.54086,1.54143,1.80,2.93
2012.07.17 22:56:07.005,1.54086,1.54143,1.05,2.93
2012.07.17 22:56:07.067,1.54082,1.54143,2.92,2.25
2012.07.17 22:56:07.284,1.54086,1.54143,1.05,1.50
2012.07.17 22:56:07.954,1.54086,1.54143,1.05,1.50
2012.07.17 22:56:09.376,1.54082,1.54143,2.92,2.25
2012.07.17 22:56:09.922,1.54087,1.54143,1.05,2.25
2012.07.17 22:56:10.263,1.54082,1.54143,2.92,2.25
2012.07.17 22:56:10.582,1.54087,1.54143,1.05,2.25
2012.07.17 22:56:28.619,1.54087,1.54143,1.05,2.25
2012.07.17 22:56:30.933,1.54089,1.54143,1.50,2.18
2012.07.17 22:56:32.719,1.54089,1.54149,1.80,2.71
2012.07.17 22:56:42.963,1.54088,1.54144,1.50,4.14
2012.07.17 22:56:43.267,1.5408,1.5414,2.17,1.50
2012.07.17 22:56:53.079,1.5408,1.54139,1.88,2.71
2012.07.17 22:56:53.306,1.5408,1.54134,1.50,2.71
2012.07.17 22:56:53.613,1.54069,1.54129,1.80,1.50
2012.07.17 22:57:02.621,1.54069,1.54129,1.80,1.96
2012.07.17 22:57:04.687,1.54071,1.54129,1.05,1.96
2012.07.17 22:57:04.998,1.54069,1.54129,1.80,1.96
2012.07.17 22:57:17.772,1.54069,1.54129,1.80,1.96
2012.07.17 22:58:02.623,1.54059,1.54137,1.11,2.18
2012.07.17 22:58:17.933,1.54059,1.54137,1.11,1.43
2012.07.17 22:58:28.124,1.54058,1.54137,1.11,1.88
2012.07.17 22:58:28.733,1.54058,1.54137,1.11,1.88
2012.07.17 22:59:00.870,1.54058,1.54137,1.11,1.88
2012.07.17 22:59:01.081,1.54058,1.54139,1.11,3.18
2012.07.17 22:59:01.192,1.54058,1.5414,1.11,1.53
2012.07.17 22:59:17.962,1.54058,1.5414,1.40,1.53
