2011.04.26 13:00:00.883,1.81878,1.81931,1.20,1.20
2011.04.26 13:00:02.404,1.81879,1.81935,1.20,1.20
2011.04.26 13:00:03.623,1.81877,1.81932,1.20,1.20
2011.04.26 13:00:04.189,1.81876,1.81931,1.20,1.20
2011.04.26 13:00:04.528,1.81873,1.81927,1.20,1.20
2011.04.26 13:00:04.864,1.81869,1.81924,1.20,1.20
2011.04.26 13:00:05.413,1.81869,1.81923,1.20,1.20
2011.04.26 13:00:05.853,1.81864,1.8192,1.20,1.20
2011.04.26 13:00:06.293,1.81852,1.81908,1.20,1.20
2011.04.26 13:00:06.624,1.81852,1.81905,1.20,1.20
2011.04.26 13:00:06.732,1.81853,1.81909,1.20,1.20
2011.04.26 13:00:06.843,1.81851,1.81906,1.20,1.20
2011.04.26 13:00:07.172,1.81868,1.81914,1.20,1.20
2011.04.26 13:00:07.503,1.81866,1.81911,1.20,1.20
2011.04.26 13:00:07.612,1.81849,1.81903,1.20,1.20
2011.04.26 13:00:07.964,1.81859,1.81915,1.20,1.20
2011.04.26 13:00:08.182,1.81861,1.81916,1.20,1.20
2011.04.26 13:00:08.512,1.81864,1.81918,1.20,1.20
2011.04.26 13:00:12.305,1.81864,1.8192,1.20,1.20
2011.04.26 13:00:13.363,1.81867,1.81923,1.20,1.20
2011.04.26 13:00:14.195,1.81872,1.81928,1.20,1.20
2011.04.26 13:00:14.875,1.81862,1.81915,1.20,1.20
2011.04.26 13:00:15.316,1.81868,1.81924,1.20,1.20
2011.04.26 13:00:15.975,1.81868,1.81922,1.20,1.20
2011.04.26 13:00:16.085,1.81863,1.81919,1.20,1.20
2011.04.26 13:00:16.525,1.81866,1.81921,1.20,1.20
2011.04.26 13:00:16.744,1.81867,1.81923,1.20,1.20
2011.04.26 13:00:17.186,1.81864,1.8192,1.20,1.20
2011.04.26 13:00:17.514,1.81864,1.81918,1.20,1.20
2011.04.26 13:00:18.175,1.81859,1.81913,1.20,1.20
2011.04.26 13:00:18.284,1.81854,1.8191,1.20,1.20
2011.04.26 13:00:18.555,1.81857,1.8191,1.20,1.20
2011.04.26 13:00:20.594,1.81858,1.81914,1.20,1.20
2011.04.26 13:00:20.703,1.81856,1.81911,1.20,1.20
2011.04.26 13:00:21.254,1.81855,1.81909,1.20,1.20
2011.04.26 13:00:22.024,1.81864,1.81918,1.20,1.20
2011.04.26 13:00:25.215,1.81881,1.81926,1.20,1.20
2011.04.26 13:00:25.735,1.8188,1.81924,1.20,1.20
2011.04.26 13:00:26.304,1.81879,1.81923,1.20,1.20
2011.04.26 13:00:28.055,1.81878,1.81921,1.20,1.20
2011.04.26 13:00:28.605,1.81877,1.8192,1.20,1.20
2011.04.26 13:00:30.885,1.81881,1.81936,1.20,1.20
2011.04.26 13:00:30.997,1.81883,1.8194,1.20,1.20
2011.04.26 13:00:31.105,1.81885,1.8194,1.20,1.20
2011.04.26 13:00:31.545,1.81883,1.81939,1.20,1.20
2011.04.26 13:00:34.765,1.81887,1.8194,1.20,1.20
2011.04.26 13:00:34.875,1.81888,1.81942,1.20,1.20
2011.04.26 13:00:35.425,1.81887,1.8194,1.20,1.20
2011.04.26 13:00:35.647,1.81893,1.81947,1.20,1.20
2011.04.26 13:00:36.195,1.81894,1.81948,1.20,1.20
2011.04.26 13:00:38.276,1.81893,1.81949,1.20,1.20
2011.04.26 13:00:38.495,1.81889,1.81945,1.20,1.20
2011.04.26 13:00:38.825,1.81887,1.8194,1.20,1.20
2011.04.26 13:00:39.366,1.81886,1.81939,1.20,1.20
2011.04.26 13:00:43.585,1.81877,1.81933,1.20,1.20
2011.04.26 13:00:44.496,1.81873,1.81929,1.20,1.20
2011.04.26 13:00:44.831,1.81875,1.8193,1.20,1.20
2011.04.26 13:00:45.165,1.81873,1.81929,1.20,1.20
2011.04.26 13:00:45.385,1.81876,1.81929,1.20,1.20
2011.04.26 13:00:46.174,1.81871,1.81926,1.20,1.20
2011.04.26 13:00:46.506,1.81856,1.81926,1.20,1.20
2011.04.26 13:00:46.847,1.81873,1.81927,1.20,1.20
2011.04.26 13:00:47.616,1.81876,1.81931,1.20,1.20
2011.04.26 13:00:47.726,1.81877,1.81933,1.20,1.20
2011.04.26 13:00:48.165,1.81872,1.81928,1.20,1.20
2011.04.26 13:00:48.494,1.81871,1.81926,1.20,1.20
2011.04.26 13:00:49.261,1.81877,1.8193,1.20,1.20
2011.04.26 13:00:49.595,1.81878,1.81932,1.20,1.20
2011.04.26 13:00:50.034,1.81876,1.81929,1.20,1.20
2011.04.26 13:00:50.694,1.81873,1.81929,1.20,1.20
2011.04.26 13:00:51.134,1.81876,1.81929,1.20,1.20
2011.04.26 13:00:51.654,1.81876,1.81931,1.20,1.20
2011.04.26 13:00:51.874,1.81876,1.81929,1.20,1.20
2011.04.26 13:00:51.985,1.81867,1.81921,1.20,1.20
2011.04.26 13:00:53.065,1.81872,1.81928,1.20,1.20
2011.04.26 13:00:53.174,1.81871,1.81926,1.20,1.20
2011.04.26 13:00:53.504,1.81873,1.81927,1.20,1.20
2011.04.26 13:00:54.224,1.81873,1.81929,1.20,1.20
2011.04.26 13:00:54.446,1.81876,1.81931,1.20,1.20
2011.04.26 13:00:55.354,1.81876,1.81929,1.20,1.20
2011.04.26 13:00:55.574,1.81874,1.81928,1.20,1.20
2011.04.26 13:00:56.696,1.81876,1.81929,1.20,1.20
2011.04.26 13:00:56.805,1.81873,1.81929,1.80,1.20
2011.04.26 13:00:56.915,1.81873,1.81927,1.80,1.20
2011.04.26 13:00:57.136,1.81873,1.81929,1.80,1.20
2011.04.26 13:00:59.075,1.81877,1.8193,1.20,1.20
2011.04.26 13:00:59.739,1.81876,1.81929,1.20,1.20
2011.04.26 13:01:00.796,1.81877,1.8193,1.20,1.20
2011.04.26 13:01:03.624,1.81877,1.81933,1.20,1.20
2011.04.26 13:01:04.806,1.81877,1.81933,1.80,1.20
2011.04.26 13:01:05.027,1.81883,1.81938,1.80,1.20
2011.04.26 13:01:05.568,1.81883,1.81939,1.80,1.20
2011.04.26 13:01:05.787,1.81888,1.81944,1.20,1.20
2011.04.26 13:01:08.415,1.8189,1.81944,1.20,1.20
2011.04.26 13:01:08.964,1.81889,1.81943,1.20,1.20
2011.04.26 13:01:12.156,1.81894,1.81948,1.80,1.20
2011.04.26 13:01:12.265,1.81903,1.81957,1.20,1.80
2011.04.26 13:01:12.925,1.819,1.81954,1.20,1.20
2011.04.26 13:01:15.957,1.819,1.81954,1.20,1.80
2011.04.26 13:01:16.586,1.81899,1.81953,1.20,1.80
2011.04.26 13:01:18.105,1.81893,1.81949,1.20,1.80
2011.04.26 13:01:18.215,1.81898,1.81954,1.20,1.80
2011.04.26 13:01:19.235,1.81897,1.81953,1.20,1.80
2011.04.26 13:01:20.335,1.81898,1.81954,1.20,1.80
2011.04.26 13:01:20.886,1.81899,1.81955,1.20,1.80
2011.04.26 13:01:23.005,1.819,1.81954,1.20,1.80
2011.04.26 13:01:25.455,1.81904,1.81959,1.20,1.80
2011.04.26 13:01:25.676,1.81883,1.81957,1.80,1.80
2011.04.26 13:01:26.336,1.819,1.81956,1.20,1.80
2011.04.26 13:01:26.556,1.819,1.81956,1.20,1.80
2011.04.26 13:01:26.776,1.81898,1.81952,1.20,1.20
2011.04.26 13:01:26.886,1.81899,1.81955,1.20,1.20
2011.04.26 13:01:26.995,1.81898,1.81952,1.20,1.20
2011.04.26 13:01:27.215,1.81896,1.81951,1.20,1.20
2011.04.26 13:01:27.655,1.81899,1.81955,1.20,1.20
2011.04.26 13:01:27.876,1.81906,1.81961,1.20,1.80
2011.04.26 13:01:27.986,1.81899,1.81955,1.20,1.20
2011.04.26 13:01:28.094,1.81904,1.81958,1.20,1.80
2011.04.26 13:01:28.315,1.81901,1.81956,1.20,1.80
2011.04.26 13:01:28.425,1.81905,1.81959,1.20,1.80
2011.04.26 13:01:29.195,1.81901,1.81956,1.20,1.80
2011.04.26 13:01:30.165,1.81907,1.8196,1.20,1.80
2011.04.26 13:01:30.386,1.81905,1.81959,1.20,1.80
2011.04.26 13:01:30.499,1.81909,1.81963,1.20,1.20
2011.04.26 13:01:32.446,1.81911,1.81966,1.20,1.80
2011.04.26 13:01:33.186,1.8191,1.81964,1.20,1.20
2011.04.26 13:01:34.496,1.8191,1.81962,1.20,2.10
2011.04.26 13:01:34.825,1.81902,1.81955,1.20,1.80
2011.04.26 13:01:37.506,1.81899,1.81953,1.20,1.80
2011.04.26 13:01:40.416,1.819,1.81954,1.20,1.80
2011.04.26 13:01:40.527,1.81902,1.81955,1.20,1.80
2011.04.26 13:01:41.575,1.81899,1.81955,1.20,1.80
2011.04.26 13:01:41.907,1.81906,1.81961,1.20,1.80
2011.04.26 13:01:42.125,1.81912,1.81962,1.20,1.80
2011.04.26 13:01:42.458,1.81914,1.81957,1.20,1.20
2011.04.26 13:01:42.898,1.81915,1.8196,1.20,1.80
2011.04.26 13:01:43.005,1.81915,1.81958,1.20,2.10
2011.04.26 13:01:43.765,1.81914,1.81958,1.20,2.10
2011.04.26 13:01:43.958,1.81909,1.81953,1.20,1.80
2011.04.26 13:01:46.795,1.81914,1.81958,1.20,2.10
2011.04.26 13:01:47.596,1.81914,1.8196,1.20,1.80
2011.04.26 13:01:47.709,1.81918,1.81963,1.20,1.80
2011.04.26 13:01:51.025,1.81918,1.81953,1.20,2.10
2011.04.26 13:01:51.249,1.81903,1.81949,1.20,1.80
2011.04.26 13:01:51.360,1.819,1.81944,1.20,1.80
2011.04.26 13:01:51.479,1.819,1.81938,1.20,2.10
2011.04.26 13:01:51.806,1.8189,1.81938,1.20,2.10
2011.04.26 13:01:52.136,1.81888,1.81938,1.20,2.10
2011.04.26 13:01:52.686,1.81887,1.81938,1.20,2.10
2011.04.26 13:01:52.906,1.81893,1.81948,1.20,2.10
2011.04.26 13:01:57.336,1.81888,1.81944,1.80,1.80
2011.04.26 13:02:00.028,1.81888,1.81942,3.30,1.20
2011.04.26 13:02:00.137,1.81893,1.81949,1.80,1.80
2011.04.26 13:02:00.797,1.81901,1.81944,1.20,1.20
2011.04.26 13:02:01.126,1.81882,1.81935,1.80,1.80
2011.04.26 13:02:03.158,1.81881,1.81934,1.20,3.30
2011.04.26 13:02:03.376,1.81874,1.8192,1.20,1.20
2011.04.26 13:02:03.596,1.81857,1.81913,1.80,1.20
2011.04.26 13:02:03.708,1.81875,1.81919,1.20,1.20
2011.04.26 13:02:04.917,1.81879,1.81924,1.20,1.80
2011.04.26 13:02:05.361,1.81877,1.81921,1.20,1.80
2011.04.26 13:02:05.916,1.81876,1.8192,1.20,1.20
2011.04.26 13:02:07.265,1.8188,1.81924,1.20,1.80
2011.04.26 13:02:07.596,1.81882,1.81925,1.20,1.80
2011.04.26 13:02:09.015,1.81882,1.81925,1.80,1.20
2011.04.26 13:02:09.566,1.81878,1.81921,1.80,1.20
2011.04.26 13:02:10.565,1.81876,1.81919,1.20,1.20
2011.04.26 13:02:17.516,1.81876,1.81919,1.80,1.20
2011.04.26 13:02:18.066,1.81877,1.81923,1.80,1.20
2011.04.26 13:02:18.176,1.81876,1.81921,1.80,1.20
2011.04.26 13:02:18.815,1.81875,1.8192,3.30,1.20
2011.04.26 13:02:19.036,1.81875,1.8192,1.20,1.80
2011.04.26 13:02:19.586,1.81872,1.81918,1.80,1.80
2011.04.26 13:02:21.326,1.81871,1.81914,1.80,1.20
2011.04.26 13:02:21.877,1.81869,1.81913,1.80,1.20
2011.04.26 13:02:23.096,1.81874,1.81918,1.80,1.80
2011.04.26 13:02:23.316,1.81877,1.81923,1.20,1.80
2011.04.26 13:02:23.537,1.81873,1.81919,1.80,1.80
2011.04.26 13:02:26.346,1.81882,1.81927,1.20,2.10
2011.04.26 13:02:30.016,1.81882,1.81935,1.20,1.80
2011.04.26 13:02:30.347,1.8188,1.81935,1.20,1.80
2011.04.26 13:02:30.895,1.81879,1.81933,1.20,1.80
2011.04.26 13:02:31.115,1.81882,1.81935,1.20,1.80
2011.04.26 13:02:31.927,1.81882,1.81935,1.80,1.20
2011.04.26 13:02:32.145,1.81885,1.8194,1.20,1.20
2011.04.26 13:02:32.726,1.81885,1.81936,1.20,2.10
2011.04.26 13:02:33.057,1.81881,1.81932,1.20,1.80
2011.04.26 13:02:33.166,1.81881,1.81932,1.20,1.20
2011.04.26 13:02:33.275,1.81881,1.81936,1.20,3.00
2011.04.26 13:02:36.675,1.81881,1.81934,1.20,2.10
2011.04.26 13:02:36.787,1.81862,1.81908,1.20,1.20
2011.04.26 13:02:36.896,1.81862,1.81908,3.30,1.20
2011.04.26 13:02:37.006,1.81882,1.81933,1.20,1.20
2011.04.26 13:02:37.115,1.81882,1.81935,1.20,1.80
2011.04.26 13:02:38.056,1.81885,1.8194,1.20,1.80
2011.04.26 13:02:38.434,1.81881,1.81936,1.20,1.80
2011.04.26 13:02:39.134,1.8188,1.81935,1.20,1.80
2011.04.26 13:02:39.466,1.81876,1.81931,1.20,1.20
2011.04.26 13:02:40.019,1.81891,1.81937,1.20,1.80
2011.04.26 13:02:40.611,1.81891,1.81937,1.20,1.20
2011.04.26 13:02:41.767,1.81891,1.81937,1.80,1.20
2011.04.26 13:02:41.877,1.81898,1.81953,1.80,1.80
2011.04.26 13:02:42.537,1.81898,1.81954,1.20,1.80
2011.04.26 13:02:44.674,1.81898,1.81949,1.20,2.10
2011.04.26 13:02:44.792,1.81887,1.81943,1.20,1.80
2011.04.26 13:02:44.908,1.81887,1.81943,1.20,1.20
2011.04.26 13:02:45.017,1.81886,1.81942,1.20,1.80
2011.04.26 13:02:45.347,1.81877,1.81923,1.80,1.20
2011.04.26 13:02:45.566,1.81892,1.81948,1.80,1.20
2011.04.26 13:02:45.676,1.81895,1.81951,1.80,1.20
2011.04.26 13:02:45.786,1.81905,1.81951,1.20,1.20
2011.04.26 13:02:46.116,1.81907,1.81951,1.20,1.20
2011.04.26 13:02:46.226,1.81907,1.8196,1.20,3.00
2011.04.26 13:02:46.335,1.81907,1.81957,1.20,1.20
2011.04.26 13:02:46.556,1.81907,1.81963,1.20,3.00
2011.04.26 13:02:47.668,1.81907,1.81963,1.80,1.20
2011.04.26 13:02:47.779,1.81917,1.8197,1.20,1.80
2011.04.26 13:02:48.322,1.81918,1.8197,1.20,1.80
2011.04.26 13:02:48.431,1.81895,1.81949,1.80,1.20
2011.04.26 13:02:48.768,1.8189,1.81934,1.20,1.20
2011.04.26 13:02:50.567,1.81888,1.81934,1.80,1.20
2011.04.26 13:02:51.216,1.81887,1.81932,1.80,1.20
2011.04.26 13:02:51.656,1.81884,1.8193,1.80,1.20
2011.04.26 13:02:51.766,1.81883,1.81926,1.20,1.20
2011.04.26 13:02:51.987,1.81881,1.81926,1.80,1.20
2011.04.26 13:02:52.428,1.81885,1.81929,1.20,1.20
2011.04.26 13:02:52.646,1.81882,1.81927,1.20,1.20
2011.04.26 13:02:53.879,1.81872,1.81915,1.20,1.20
2011.04.26 13:02:56.007,1.81872,1.81917,1.20,1.20
2011.04.26 13:02:56.229,1.81866,1.81911,1.80,1.20
2011.04.26 13:02:56.556,1.81868,1.81914,1.80,1.20
2011.04.26 13:02:57.116,1.81869,1.81913,1.80,1.20
2011.04.26 13:02:58.925,1.81866,1.81909,1.80,1.20
2011.04.26 13:02:59.446,1.81867,1.8191,1.80,1.20
2011.04.26 13:02:59.775,1.81871,1.81926,1.80,1.80
2011.04.26 13:02:59.995,1.81874,1.81928,1.20,1.80
2011.04.26 13:03:00.326,1.81871,1.81916,1.80,1.20
2011.04.26 13:03:01.316,1.81873,1.81916,1.20,1.20
2011.04.26 13:03:02.678,1.81871,1.81916,1.80,1.20
2011.04.26 13:03:03.006,1.8187,1.81914,1.80,1.20
2011.04.26 13:03:06.777,1.81869,1.81913,1.80,1.20
2011.04.26 13:03:09.158,1.81863,1.81909,1.20,1.20
2011.04.26 13:03:09.375,1.81862,1.81907,1.80,1.20
2011.04.26 13:03:09.706,1.8186,1.81905,1.80,1.20
2011.04.26 13:03:10.455,1.81862,1.81907,1.80,1.20
2011.04.26 13:03:10.675,1.81864,1.81908,1.20,1.20
2011.04.26 13:03:11.005,1.81863,1.81906,1.20,1.20
2011.04.26 13:03:12.836,1.81852,1.81896,2.10,1.20
2011.04.26 13:03:13.056,1.8186,1.81905,1.80,1.80
2011.04.26 13:03:13.275,1.81872,1.81916,1.80,1.80
2011.04.26 13:03:16.238,1.81869,1.81914,1.20,1.80
2011.04.26 13:03:16.455,1.8186,1.81905,1.80,1.20
2011.04.26 13:03:18.416,1.81863,1.81905,2.10,1.20
2011.04.26 13:03:18.526,1.81866,1.81909,1.80,1.20
2011.04.26 13:03:19.186,1.81867,1.8191,1.80,1.20
2011.04.26 13:03:20.066,1.81868,1.81914,1.80,1.20
2011.04.26 13:03:22.206,1.81872,1.81915,1.80,1.20
2011.04.26 13:03:23.390,1.81868,1.81914,1.80,1.20
2011.04.26 13:03:24.980,1.81872,1.81913,1.20,2.10
2011.04.26 13:03:25.096,1.81859,1.81905,1.80,1.20
2011.04.26 13:03:25.207,1.81866,1.81912,1.80,1.80
2011.04.26 13:03:25.858,1.81863,1.8191,1.80,1.20
2011.04.26 13:03:26.467,1.81876,1.8192,1.80,1.80
2011.04.26 13:03:28.017,1.81874,1.81916,1.20,2.10
2011.04.26 13:03:28.126,1.8187,1.81915,1.80,1.80
2011.04.26 13:03:33.008,1.81862,1.81908,1.20,1.80
2011.04.26 13:03:33.116,1.81862,1.81908,1.80,1.20
2011.04.26 13:03:35.977,1.81863,1.81907,1.80,1.20
2011.04.26 13:03:36.405,1.81864,1.81907,2.10,1.20
2011.04.26 13:03:36.866,1.81864,1.81903,2.10,1.20
2011.04.26 13:03:36.976,1.81864,1.81908,2.10,1.20
2011.04.26 13:03:37.756,1.81867,1.8191,1.80,1.20
2011.04.26 13:03:38.306,1.81866,1.81909,1.80,1.20
2011.04.26 13:03:39.318,1.81866,1.81909,1.20,1.80
2011.04.26 13:03:39.535,1.81857,1.81903,1.80,1.20
2011.04.26 13:03:40.926,1.81859,1.81904,1.80,1.20
2011.04.26 13:03:42.185,1.81863,1.81909,1.80,1.80
2011.04.26 13:03:42.296,1.81859,1.81904,1.80,1.20
2011.04.26 13:03:45.309,1.81855,1.81897,2.10,1.20
2011.04.26 13:03:45.423,1.81848,1.81892,1.20,1.80
2011.04.26 13:03:45.538,1.81842,1.81888,1.80,1.20
2011.04.26 13:03:45.757,1.81854,1.81899,1.80,1.20
2011.04.26 13:03:45.866,1.81861,1.81904,1.20,1.80
2011.04.26 13:03:45.975,1.81859,1.81904,1.20,1.80
2011.04.26 13:03:46.198,1.81851,1.81894,1.80,1.20
2011.04.26 13:03:46.307,1.81851,1.81894,1.20,1.80
2011.04.26 13:03:46.416,1.81848,1.81892,1.20,1.80
2011.04.26 13:03:46.637,1.8185,1.81893,1.20,1.80
2011.04.26 13:03:46.966,1.81844,1.81889,1.80,1.20
2011.04.26 13:03:52.017,1.81844,1.81889,1.20,1.80
2011.04.26 13:03:52.236,1.81841,1.81884,1.20,1.20
2011.04.26 13:03:52.785,1.8184,1.81883,1.20,1.20
2011.04.26 13:03:53.191,1.8184,1.81885,1.95,1.80
2011.04.26 13:03:54.076,1.81841,1.81884,1.95,1.20
2011.04.26 13:03:54.516,1.81842,1.81884,1.35,1.20
2011.04.26 13:03:54.627,1.81851,1.81897,1.20,1.80
2011.04.26 13:03:54.958,1.81834,1.81879,3.30,1.20
2011.04.26 13:03:55.066,1.81837,1.81883,1.80,1.80
2011.04.26 13:03:55.178,1.81849,1.81883,2.10,1.20
2011.04.26 13:03:55.507,1.81856,1.81899,1.58,3.30
2011.04.26 13:03:55.616,1.81858,1.81899,2.48,1.20
2011.04.26 13:03:55.725,1.81858,1.81902,2.48,1.20
2011.04.26 13:03:55.946,1.81856,1.81902,1.58,1.80
2011.04.26 13:03:56.387,1.81852,1.8189,1.35,1.20
2011.04.26 13:03:56.674,1.81838,1.8188,1.35,1.20
2011.04.26 13:03:57.836,1.81845,1.8189,1.20,1.80
2011.04.26 13:03:57.948,1.81848,1.81892,1.80,1.20
2011.04.26 13:03:58.282,1.81848,1.81892,1.20,1.80
2011.04.26 13:03:59.396,1.8185,1.81895,1.20,1.80
2011.04.26 13:04:00.176,1.8185,1.81895,1.20,1.80
2011.04.26 13:04:00.619,1.8185,1.8189,1.35,1.20
2011.04.26 13:04:00.726,1.8185,1.81894,1.35,1.20
2011.04.26 13:04:00.835,1.81851,1.81896,2.18,1.20
2011.04.26 13:04:01.056,1.81852,1.81898,2.18,1.20
2011.04.26 13:04:01.765,1.81861,1.81898,2.10,1.20
2011.04.26 13:04:01.986,1.81852,1.81898,2.18,1.20
2011.04.26 13:04:02.096,1.81858,1.81904,1.20,1.80
2011.04.26 13:04:02.318,1.81858,1.81902,1.58,1.20
2011.04.26 13:04:02.648,1.81857,1.81893,2.48,1.20
2011.04.26 13:04:02.977,1.81863,1.81908,1.80,1.20
2011.04.26 13:04:03.527,1.81859,1.81903,1.20,1.80
2011.04.26 13:04:03.840,1.8185,1.81895,1.80,1.20
2011.04.26 13:04:05.046,1.81853,1.81899,1.80,1.20
2011.04.26 13:04:06.395,1.81852,1.81898,1.80,1.20
2011.04.26 13:04:08.238,1.81853,1.81899,2.18,1.20
2011.04.26 13:04:08.567,1.81857,1.81903,1.20,1.80
2011.04.26 13:04:08.677,1.81857,1.81903,3.30,1.20
2011.04.26 13:04:09.005,1.81864,1.81908,2.55,1.20
2011.04.26 13:04:09.556,1.81876,1.81919,1.20,1.80
2011.04.26 13:04:10.107,1.81865,1.81908,1.35,1.80
2011.04.26 13:04:11.097,1.81864,1.81903,1.35,1.80
2011.04.26 13:04:11.692,1.81865,1.8191,2.55,3.30
2011.04.26 13:04:14.326,1.81863,1.81904,1.95,2.10
2011.04.26 13:04:14.987,1.81858,1.81903,1.35,1.80
2011.04.26 13:04:15.095,1.81857,1.81903,2.18,1.80
2011.04.26 13:04:15.207,1.81854,1.81897,1.95,2.10
2011.04.26 13:04:18.297,1.81855,1.81898,2.48,1.20
2011.04.26 13:04:18.407,1.81867,1.81906,1.20,2.10
2011.04.26 13:04:18.735,1.81854,1.81889,1.35,1.20
2011.04.26 13:04:19.326,1.81853,1.81889,1.35,1.20
2011.04.26 13:04:19.849,1.81853,1.8189,1.35,1.20
2011.04.26 13:04:20.935,1.81847,1.8189,1.80,1.20
2011.04.26 13:04:21.160,1.81847,1.81887,1.20,2.10
2011.04.26 13:04:21.267,1.81834,1.81878,1.20,1.80
2011.04.26 13:04:21.816,1.81832,1.81877,1.80,1.80
2011.04.26 13:04:22.037,1.81833,1.81879,1.80,1.20
2011.04.26 13:04:22.478,1.81838,1.81884,1.80,1.20
2011.04.26 13:04:22.586,1.81836,1.81881,1.80,1.20
2011.04.26 13:04:22.696,1.81841,1.81885,1.80,1.20
2011.04.26 13:04:23.245,1.81841,1.81887,1.80,1.80
2011.04.26 13:04:23.576,1.81844,1.81889,1.20,1.80
2011.04.26 13:04:24.126,1.81841,1.81886,1.80,1.80
2011.04.26 13:04:25.275,1.81862,1.81886,2.10,1.20
2011.04.26 13:04:25.387,1.81875,1.81916,1.20,2.10
2011.04.26 13:04:25.607,1.81887,1.8193,1.20,1.80
2011.04.26 13:04:25.827,1.81876,1.81919,3.00,1.80
2011.04.26 13:04:26.707,1.81878,1.81919,1.20,1.80
2011.04.26 13:04:26.816,1.81891,1.81944,1.80,2.10
2011.04.26 13:04:27.037,1.81887,1.8193,1.20,1.80
2011.04.26 13:04:31.185,1.8189,1.81932,1.20,2.10
2011.04.26 13:04:32.727,1.81887,1.81932,1.20,3.30
2011.04.26 13:04:33.505,1.81887,1.81932,1.80,1.80
2011.04.26 13:04:34.165,1.81885,1.81931,1.80,1.20
2011.04.26 13:04:34.606,1.81893,1.81941,1.20,2.10
2011.04.26 13:04:37.491,1.81893,1.81946,1.20,1.20
2011.04.26 13:04:37.836,1.8191,1.81954,1.20,1.80
2011.04.26 13:04:38.279,1.81907,1.81952,1.20,1.80
2011.04.26 13:04:38.387,1.81897,1.81942,1.20,1.20
2011.04.26 13:04:38.828,1.81893,1.81939,1.20,1.20
2011.04.26 13:04:39.915,1.81893,1.81936,1.20,1.20
2011.04.26 13:04:46.606,1.8189,1.81934,1.20,1.20
2011.04.26 13:04:46.935,1.81888,1.81934,1.80,1.20
2011.04.26 13:04:47.496,1.81889,1.81935,1.20,1.20
2011.04.26 13:04:48.323,1.81884,1.8193,1.80,1.20
2011.04.26 13:04:48.536,1.81887,1.81932,1.80,1.20
2011.04.26 13:04:48.648,1.81892,1.81935,1.80,1.20
2011.04.26 13:04:48.757,1.81897,1.81947,1.80,1.20
2011.04.26 13:04:49.196,1.81894,1.8194,1.80,1.20
2011.04.26 13:04:49.526,1.81893,1.81939,1.20,1.20
2011.04.26 13:04:49.637,1.81893,1.81939,1.20,1.80
2011.04.26 13:04:49.968,1.81882,1.81927,1.58,1.20
2011.04.26 13:04:50.186,1.81885,1.81929,1.20,1.20
2011.04.26 13:04:50.406,1.81883,1.81928,1.20,1.20
2011.04.26 13:04:50.516,1.81885,1.81929,1.20,1.20
2011.04.26 13:04:51.485,1.81883,1.81928,1.20,1.20
2011.04.26 13:04:51.596,1.81883,1.81928,1.20,1.80
2011.04.26 13:04:51.958,1.81881,1.81924,1.20,1.80
2011.04.26 13:04:53.615,1.81879,1.81923,1.20,1.80
2011.04.26 13:05:01.516,1.81879,1.81923,1.80,1.20
2011.04.26 13:05:02.066,1.81878,1.81922,1.80,1.20
2011.04.26 13:05:04.255,1.81877,1.8192,1.80,1.20
2011.04.26 13:05:04.365,1.81877,1.81923,1.80,1.20
2011.04.26 13:05:04.916,1.81878,1.81924,1.80,1.20
2011.04.26 13:05:06.606,1.8188,1.81925,1.80,1.20
2011.04.26 13:05:08.946,1.81886,1.8193,1.20,1.80
2011.04.26 13:05:09.057,1.81897,1.8194,1.20,2.10
2011.04.26 13:05:09.496,1.81894,1.8194,1.20,3.30
2011.04.26 13:05:09.606,1.81894,1.8194,1.80,1.80
2011.04.26 13:05:09.935,1.81907,1.81947,1.20,2.10
2011.04.26 13:05:10.935,1.81906,1.81947,1.20,2.10
2011.04.26 13:05:12.526,1.81903,1.81947,1.20,2.10
2011.04.26 13:05:14.306,1.81903,1.8194,1.20,2.10
2011.04.26 13:05:14.527,1.819,1.8194,1.20,2.10
2011.04.26 13:05:14.637,1.81896,1.8194,1.58,2.10
2011.04.26 13:05:14.747,1.81899,1.8194,1.20,2.10
2011.04.26 13:05:15.296,1.81898,1.8194,1.20,2.10
2011.04.26 13:05:15.626,1.819,1.8194,1.20,2.10
2011.04.26 13:05:17.436,1.81902,1.8194,1.20,2.10
2011.04.26 13:05:17.766,1.81898,1.8194,1.20,2.10
2011.04.26 13:05:18.546,1.81898,1.81941,1.80,1.20
2011.04.26 13:05:18.656,1.81908,1.81954,1.20,1.80
2011.04.26 13:05:20.509,1.81904,1.81949,1.58,1.80
2011.04.26 13:05:22.396,1.81913,1.81958,1.20,3.30
2011.04.26 13:05:22.506,1.81913,1.81958,1.20,1.80
2011.04.26 13:05:23.057,1.81921,1.81975,1.58,1.80
2011.04.26 13:05:23.385,1.81915,1.8196,1.95,1.20
2011.04.26 13:05:23.715,1.81914,1.81957,2.55,1.20
2011.04.26 13:05:24.505,1.81914,1.81957,1.95,1.80
2011.04.26 13:05:27.506,1.81914,1.81957,1.95,1.80
2011.04.26 13:05:30.391,1.81914,1.81957,1.58,1.80
2011.04.26 13:05:31.077,1.81917,1.81961,1.58,1.80
2011.04.26 13:05:32.195,1.81918,1.81963,1.20,1.80
2011.04.26 13:05:32.745,1.81916,1.81962,1.58,1.80
2011.04.26 13:05:33.426,1.81916,1.81962,1.58,1.80
2011.04.26 13:05:39.706,1.81913,1.81956,1.35,1.20
2011.04.26 13:05:40.276,1.81914,1.81959,1.95,1.80
2011.04.26 13:05:41.268,1.81902,1.81946,1.58,1.80
2011.04.26 13:05:42.296,1.81905,1.81948,2.18,1.20
2011.04.26 13:05:43.577,1.81902,1.81946,2.18,1.20
2011.04.26 13:05:47.246,1.81902,1.81946,1.58,1.80
2011.04.26 13:05:47.578,1.81896,1.81933,1.35,1.20
2011.04.26 13:05:48.127,1.81901,1.8195,1.35,1.80
2011.04.26 13:05:48.568,1.819,1.81948,1.35,1.20
2011.04.26 13:05:48.788,1.819,1.81954,1.35,1.20
2011.04.26 13:05:49.007,1.81903,1.81957,2.18,1.20
2011.04.26 13:05:49.403,1.819,1.8194,1.35,1.20
2011.04.26 13:05:52.486,1.81899,1.81945,1.80,1.20
2011.04.26 13:05:53.305,1.81903,1.81946,1.80,1.20
2011.04.26 13:05:54.526,1.81902,1.81947,1.80,1.20
2011.04.26 13:05:55.472,1.81902,1.81945,1.80,1.20
2011.04.26 13:05:57.307,1.81904,1.81948,1.80,1.20
2011.04.26 13:05:57.529,1.81905,1.81948,1.35,1.20
2011.04.26 13:05:57.640,1.81909,1.81953,1.58,1.20
2011.04.26 13:05:58.186,1.8191,1.81954,1.58,1.20
2011.04.26 13:05:59.015,1.81907,1.81952,1.58,1.20
2011.04.26 13:05:59.676,1.81907,1.81952,1.58,1.20
2011.04.26 13:06:00.115,1.81904,1.8195,1.95,1.80
2011.04.26 13:06:00.230,1.81904,1.8195,1.20,1.80
2011.04.26 13:06:00.340,1.81893,1.81946,2.18,1.80
2011.04.26 13:06:01.779,1.81888,1.81964,1.95,1.80
2011.04.26 13:06:01.997,1.81885,1.81942,1.95,1.20
2011.04.26 13:06:02.326,1.81878,1.81925,1.80,1.20
2011.04.26 13:06:03.996,1.8188,1.81925,2.10,1.20
2011.04.26 13:06:06.248,1.8188,1.8192,2.10,1.20
2011.04.26 13:06:06.356,1.8188,1.81925,2.10,1.20
2011.04.26 13:06:11.995,1.8188,1.81924,2.10,1.20
2011.04.26 13:06:16.726,1.8188,1.81919,2.10,1.20
2011.04.26 13:06:17.445,1.8188,1.81917,2.10,1.20
2011.04.26 13:06:18.216,1.81874,1.81917,1.20,1.80
2011.04.26 13:06:18.326,1.81867,1.81906,1.80,1.20
2011.04.26 13:06:18.546,1.81874,1.81917,1.80,1.20
2011.04.26 13:06:18.988,1.81874,1.8192,1.80,1.20
2011.04.26 13:06:19.557,1.81874,1.81919,1.80,1.20
2011.04.26 13:06:20.366,1.81867,1.81907,2.10,1.20
2011.04.26 13:06:20.957,1.81867,1.81906,2.10,1.20
2011.04.26 13:06:21.177,1.81861,1.81905,1.80,1.20
2011.04.26 13:06:21.396,1.81859,1.81901,2.10,1.20
2011.04.26 13:06:21.946,1.81859,1.81905,3.30,1.20
2011.04.26 13:06:22.496,1.81861,1.81906,1.80,1.20
2011.04.26 13:06:23.045,1.81866,1.81907,1.80,1.20
2011.04.26 13:06:26.270,1.81864,1.81907,2.40,1.80
2011.04.26 13:06:26.598,1.81864,1.81907,2.10,1.20
2011.04.26 13:06:26.929,1.81863,1.81908,1.80,1.80
2011.04.26 13:06:27.036,1.81863,1.81908,1.80,1.20
2011.04.26 13:06:27.148,1.81864,1.8191,1.80,1.20
2011.04.26 13:06:28.185,1.81857,1.81897,2.10,1.20
2011.04.26 13:06:29.997,1.81863,1.81908,1.80,1.20
2011.04.26 13:06:30.216,1.81857,1.81897,2.10,1.20
2011.04.26 13:06:32.210,1.81867,1.81897,2.10,1.20
2011.04.26 13:06:32.320,1.81867,1.81907,2.10,1.20
2011.04.26 13:06:34.437,1.81876,1.81907,2.10,1.20
2011.04.26 13:06:34.657,1.81882,1.81915,2.10,1.20
2011.04.26 13:06:34.766,1.81882,1.81917,2.10,1.20
2011.04.26 13:06:34.876,1.81882,1.81921,2.10,1.20
2011.04.26 13:06:35.206,1.81882,1.81918,2.10,1.20
2011.04.26 13:06:35.426,1.81882,1.81921,2.10,1.20
2011.04.26 13:06:35.536,1.81882,1.81918,2.10,1.20
2011.04.26 13:06:39.888,1.81887,1.8192,2.10,1.20
2011.04.26 13:06:40.107,1.81887,1.81927,2.10,1.20
2011.04.26 13:06:40.327,1.81891,1.81923,2.10,1.20
2011.04.26 13:06:40.437,1.81891,1.81927,2.10,1.20
2011.04.26 13:06:40.548,1.81883,1.81927,2.10,1.20
2011.04.26 13:06:40.988,1.81881,1.81927,1.80,1.80
2011.04.26 13:06:41.097,1.81877,1.81919,2.10,1.20
2011.04.26 13:06:41.207,1.81873,1.8191,1.20,1.80
2011.04.26 13:06:41.316,1.81868,1.8191,1.80,1.80
2011.04.26 13:06:44.851,1.81863,1.81906,2.10,1.20
2011.04.26 13:06:45.078,1.81849,1.81894,1.20,1.20
2011.04.26 13:06:45.847,1.81849,1.81893,1.20,1.20
2011.04.26 13:06:46.476,1.81849,1.81892,1.20,1.20
2011.04.26 13:06:46.696,1.81849,1.8189,1.20,1.20
2011.04.26 13:06:47.297,1.81845,1.81888,1.80,1.20
2011.04.26 13:06:47.516,1.81849,1.81892,1.80,1.20
2011.04.26 13:06:47.846,1.81843,1.81888,3.30,1.20
2011.04.26 13:06:48.175,1.81843,1.81888,1.80,1.20
2011.04.26 13:06:48.616,1.8184,1.81886,1.80,1.20
2011.04.26 13:06:48.836,1.81848,1.81903,2.10,1.80
2011.04.26 13:06:56.967,1.81848,1.81896,2.10,1.20
2011.04.26 13:06:57.296,1.81842,1.81896,1.80,1.20
2011.04.26 13:06:57.407,1.81855,1.81898,1.20,1.20
2011.04.26 13:06:59.076,1.81852,1.81897,1.20,1.20
2011.04.26 13:06:59.520,1.81849,1.81894,1.80,1.20
2011.04.26 13:06:59.638,1.81848,1.81893,1.20,1.20
2011.04.26 13:06:59.747,1.81845,1.81889,1.20,1.20
2011.04.26 13:07:01.616,1.81845,1.81891,1.20,1.20
2011.04.26 13:07:02.186,1.81846,1.81891,1.35,1.20
2011.04.26 13:07:02.405,1.81854,1.81899,1.80,1.20
2011.04.26 13:07:02.517,1.8186,1.81903,1.20,1.20
2011.04.26 13:07:02.625,1.81865,1.81908,1.20,1.20
2011.04.26 13:07:02.956,1.81852,1.81902,2.10,1.20
2011.04.26 13:07:03.995,1.81852,1.81903,2.10,1.20
2011.04.26 13:07:04.797,1.81852,1.81904,2.10,1.20
2011.04.26 13:07:05.387,1.81852,1.81902,2.10,1.20
2011.04.26 13:07:05.717,1.81852,1.81898,2.10,1.20
2011.04.26 13:07:06.046,1.81859,1.81902,1.20,1.20
2011.04.26 13:07:06.817,1.81854,1.81897,1.80,1.20
2011.04.26 13:07:07.616,1.81859,1.81902,1.20,1.20
2011.04.26 13:07:08.165,1.8186,1.81903,1.20,1.20
2011.04.26 13:07:10.418,1.81862,1.81906,1.20,1.20
2011.04.26 13:07:20.057,1.81865,1.81906,2.10,1.20
2011.04.26 13:07:20.717,1.81862,1.81906,1.80,1.20
2011.04.26 13:07:20.936,1.81857,1.81898,2.10,1.20
2011.04.26 13:07:21.048,1.81857,1.81901,3.30,1.20
2011.04.26 13:07:21.157,1.81866,1.8192,1.80,1.80
2011.04.26 13:07:21.267,1.81857,1.81897,2.10,1.20
2011.04.26 13:07:21.927,1.81859,1.81902,1.80,1.20
2011.04.26 13:07:22.698,1.81851,1.81895,1.80,1.20
2011.04.26 13:07:22.917,1.81847,1.8189,1.80,1.20
2011.04.26 13:07:23.136,1.81847,1.8189,1.20,1.80
2011.04.26 13:07:23.249,1.81847,1.81882,1.20,1.20
2011.04.26 13:07:23.692,1.81845,1.81898,1.20,2.48
2011.04.26 13:07:23.812,1.81848,1.81887,2.10,1.20
2011.04.26 13:07:24.039,1.81848,1.81899,2.10,1.58
2011.04.26 13:07:24.477,1.81848,1.81894,2.10,1.20
2011.04.26 13:07:25.025,1.81848,1.81895,2.10,1.20
2011.04.26 13:07:25.965,1.81845,1.81899,1.80,1.58
2011.04.26 13:07:27.035,1.81845,1.81901,1.80,1.20
2011.04.26 13:07:27.585,1.81844,1.819,1.80,1.20
2011.04.26 13:07:31.907,1.81847,1.81901,1.80,1.20
2011.04.26 13:07:32.455,1.81849,1.81902,1.80,1.20
2011.04.26 13:07:33.006,1.81845,1.81899,1.80,1.20
2011.04.26 13:07:34.726,1.81849,1.81902,1.80,1.20
2011.04.26 13:07:36.425,1.81845,1.81901,3.00,1.20
2011.04.26 13:07:36.976,1.81844,1.819,1.80,1.20
2011.04.26 13:07:37.195,1.81844,1.81897,1.80,1.20
2011.04.26 13:07:38.075,1.81843,1.81895,1.80,1.20
2011.04.26 13:07:38.515,1.81837,1.81889,1.80,1.20
2011.04.26 13:07:39.448,1.81845,1.81899,1.80,1.20
2011.04.26 13:07:39.886,1.8184,1.81896,1.80,1.20
2011.04.26 13:07:42.265,1.81836,1.81891,2.10,1.20
2011.04.26 13:07:42.596,1.81836,1.81889,2.10,1.20
2011.04.26 13:07:42.706,1.81833,1.81886,1.80,1.20
2011.04.26 13:07:43.255,1.81831,1.81885,1.80,1.20
2011.04.26 13:07:43.805,1.81833,1.81886,1.80,1.20
2011.04.26 13:07:45.156,1.81831,1.81885,1.80,1.20
2011.04.26 13:07:46.266,1.81832,1.81887,1.80,1.20
2011.04.26 13:07:47.556,1.8184,1.81887,2.10,1.20
2011.04.26 13:07:47.777,1.81844,1.819,1.20,1.20
2011.04.26 13:07:47.886,1.81837,1.8189,1.80,1.20
2011.04.26 13:07:48.216,1.81836,1.81885,1.80,1.20
2011.04.26 13:07:48.546,1.81832,1.81887,1.80,1.20
2011.04.26 13:07:48.876,1.81842,1.81896,1.20,1.20
2011.04.26 13:07:49.315,1.81839,1.81892,1.80,1.20
2011.04.26 13:07:49.427,1.81841,1.81897,1.80,1.20
2011.04.26 13:07:49.757,1.81844,1.819,1.80,1.20
2011.04.26 13:07:55.686,1.81844,1.81897,1.80,1.20
2011.04.26 13:07:57.546,1.81844,1.81897,1.20,1.20
2011.04.26 13:07:58.097,1.8184,1.81896,1.80,1.20
2011.04.26 13:07:58.656,1.81834,1.81887,1.80,1.20
2011.04.26 13:08:03.342,1.81842,1.81896,1.80,1.20
2011.04.26 13:08:03.896,1.81841,1.81895,1.80,1.20
2011.04.26 13:08:13.927,1.81836,1.8189,1.80,1.20
2011.04.26 13:08:14.150,1.81843,1.81898,1.80,1.20
2011.04.26 13:08:14.261,1.81844,1.819,1.20,1.20
2011.04.26 13:08:14.487,1.81839,1.81895,1.80,1.20
2011.04.26 13:08:14.815,1.81844,1.81897,1.80,1.20
2011.04.26 13:08:15.578,1.81844,1.8191,1.80,1.20
2011.04.26 13:08:15.797,1.81844,1.81897,1.80,1.20
2011.04.26 13:08:16.485,1.8184,1.81895,2.10,1.20
2011.04.26 13:08:16.706,1.81839,1.81895,1.80,1.20
2011.04.26 13:08:18.666,1.81843,1.81898,1.20,1.20
2011.04.26 13:08:18.776,1.81845,1.81899,1.20,1.20
2011.04.26 13:08:19.216,1.81847,1.81901,1.20,1.20
2011.04.26 13:08:19.327,1.81844,1.819,1.20,1.20
2011.04.26 13:08:19.546,1.81837,1.81899,1.80,1.20
2011.04.26 13:08:19.877,1.81845,1.81901,1.20,1.20
2011.04.26 13:08:20.648,1.81841,1.81896,1.80,1.20
2011.04.26 13:08:26.326,1.81838,1.81893,1.80,1.20
2011.04.26 13:08:26.765,1.81844,1.81897,1.20,1.20
2011.04.26 13:08:30.366,1.81844,1.819,1.20,1.20
2011.04.26 13:08:33.295,1.8184,1.81896,1.80,1.20
2011.04.26 13:08:34.856,1.81833,1.81888,1.80,1.20
2011.04.26 13:08:35.407,1.81832,1.81887,1.80,1.20
2011.04.26 13:08:36.225,1.81833,1.81888,1.80,1.20
2011.04.26 13:08:36.905,1.81833,1.81886,1.80,1.20
2011.04.26 13:08:37.338,1.81834,1.8189,1.80,1.20
2011.04.26 13:08:37.461,1.81838,1.81893,1.80,1.20
2011.04.26 13:08:38.016,1.81836,1.81892,1.80,1.20
2011.04.26 13:08:38.538,1.81838,1.81893,1.80,1.20
2011.04.26 13:08:41.417,1.81841,1.81897,1.80,1.20
2011.04.26 13:08:41.527,1.81838,1.81893,1.80,1.20
2011.04.26 13:08:42.076,1.81841,1.81895,1.80,1.20
2011.04.26 13:08:43.995,1.81841,1.81897,1.80,1.20
2011.04.26 13:08:44.742,1.81842,1.81897,2.10,1.20
2011.04.26 13:08:44.970,1.81845,1.81901,1.80,1.20
2011.04.26 13:08:45.080,1.81857,1.81911,1.20,1.20
2011.04.26 13:08:45.297,1.81857,1.81911,1.20,1.80
2011.04.26 13:08:45.408,1.81853,1.81911,1.20,1.80
2011.04.26 13:08:46.088,1.81854,1.81908,1.20,1.80
2011.04.26 13:08:50.056,1.81848,1.81903,1.20,1.80
2011.04.26 13:08:50.367,1.81853,1.81908,1.20,1.80
2011.04.26 13:08:50.476,1.81851,1.81907,1.20,1.80
2011.04.26 13:08:52.715,1.81855,1.81911,1.20,1.80
2011.04.26 13:08:54.286,1.81856,1.81912,1.20,1.80
2011.04.26 13:08:56.676,1.81859,1.81912,1.20,1.80
2011.04.26 13:08:58.246,1.8186,1.81914,1.20,1.80
2011.04.26 13:08:58.825,1.81859,1.81912,1.20,1.80
2011.04.26 13:08:59.577,1.81859,1.81912,1.20,1.20
2011.04.26 13:08:59.798,1.8186,1.81916,1.20,1.20
2011.04.26 13:09:00.346,1.81859,1.81915,1.20,1.20
2011.04.26 13:09:00.676,1.81861,1.81919,1.20,1.80
2011.04.26 13:09:03.718,1.81861,1.81919,1.20,1.80
2011.04.26 13:09:03.826,1.81859,1.81915,1.20,1.80
2011.04.26 13:09:05.167,1.81859,1.81915,1.20,1.20
2011.04.26 13:09:05.278,1.81868,1.81923,1.20,1.80
2011.04.26 13:09:06.606,1.81846,1.81922,1.80,1.80
2011.04.26 13:09:06.718,1.81846,1.81922,1.20,1.80
2011.04.26 13:09:06.826,1.81846,1.819,1.20,1.20
2011.04.26 13:09:07.156,1.81839,1.81882,1.80,1.20
2011.04.26 13:09:07.819,1.81838,1.81883,1.20,1.20
2011.04.26 13:09:08.039,1.81841,1.81887,1.20,1.20
2011.04.26 13:09:08.149,1.81835,1.81878,1.20,1.20
2011.04.26 13:09:08.697,1.81833,1.81878,1.20,1.20
2011.04.26 13:09:09.358,1.81835,1.81881,1.20,1.20
2011.04.26 13:09:10.636,1.81831,1.81878,1.20,1.20
2011.04.26 13:09:11.558,1.81829,1.81872,1.20,1.20
2011.04.26 13:09:11.976,1.81823,1.81868,1.20,1.20
2011.04.26 13:09:15.486,1.81822,1.81868,1.20,1.20
2011.04.26 13:09:18.065,1.81817,1.81861,1.20,1.20
2011.04.26 13:09:18.286,1.81819,1.81864,1.20,1.20
2011.04.26 13:09:18.767,1.81824,1.81869,1.20,1.20
2011.04.26 13:09:19.096,1.81822,1.81866,1.20,1.20
2011.04.26 13:09:22.978,1.81822,1.81866,1.80,1.20
2011.04.26 13:09:23.196,1.81825,1.81877,1.80,1.20
2011.04.26 13:09:25.205,1.81823,1.81876,1.80,1.20
2011.04.26 13:09:25.426,1.81831,1.81876,1.20,1.20
2011.04.26 13:09:26.117,1.81832,1.81876,1.20,1.20
2011.04.26 13:09:26.877,1.81829,1.81872,1.20,1.20
2011.04.26 13:09:27.206,1.81831,1.81878,1.20,1.20
2011.04.26 13:09:28.359,1.81833,1.81878,1.20,1.20
2011.04.26 13:09:29.467,1.81836,1.8188,1.20,1.20
2011.04.26 13:09:29.576,1.81837,1.81882,1.20,1.20
2011.04.26 13:09:30.137,1.81836,1.81882,1.20,1.20
2011.04.26 13:09:32.740,1.81838,1.81891,1.20,1.20
2011.04.26 13:09:32.848,1.81844,1.81892,1.20,1.20
2011.04.26 13:09:33.178,1.81842,1.81886,1.20,1.20
2011.04.26 13:09:33.507,1.8184,1.81883,1.20,1.20
2011.04.26 13:09:36.487,1.8185,1.81893,1.20,1.20
2011.04.26 13:09:36.707,1.81852,1.81896,1.20,1.20
2011.04.26 13:09:42.648,1.8185,1.81896,1.20,1.20
2011.04.26 13:09:42.869,1.81846,1.81892,1.20,1.20
2011.04.26 13:09:45.546,1.81849,1.81892,2.10,1.20
2011.04.26 13:09:46.096,1.8185,1.81893,1.80,1.20
2011.04.26 13:09:47.576,1.81852,1.81896,1.80,1.20
2011.04.26 13:09:48.508,1.81854,1.81897,1.80,1.20
2011.04.26 13:09:49.936,1.81858,1.81898,2.10,1.20
2011.04.26 13:09:50.977,1.81858,1.81895,2.10,1.20
2011.04.26 13:09:51.087,1.81851,1.81895,1.80,1.20
2011.04.26 13:09:51.196,1.8185,1.81893,2.10,1.20
2011.04.26 13:09:51.526,1.81856,1.8191,1.80,1.80
2011.04.26 13:09:51.639,1.81858,1.8191,2.10,1.20
2011.04.26 13:09:52.078,1.81867,1.8191,2.10,1.20
2011.04.26 13:09:52.188,1.81867,1.81932,2.10,2.10
2011.04.26 13:09:53.287,1.8186,1.81932,1.80,1.20
2011.04.26 13:09:53.708,1.8188,1.81933,1.20,1.80
2011.04.26 13:09:53.818,1.81878,1.81933,1.20,1.80
2011.04.26 13:09:57.506,1.81881,1.81935,1.20,1.80
2011.04.26 13:09:58.717,1.8188,1.81933,1.20,1.80
2011.04.26 13:09:59.379,1.81878,1.81933,1.20,1.80
2011.04.26 13:10:04.237,1.81871,1.81925,1.20,1.20
2011.04.26 13:10:04.566,1.81868,1.81923,1.20,1.20
2011.04.26 13:10:04.676,1.81869,1.81942,1.20,1.80
2011.04.26 13:10:05.227,1.81868,1.81923,1.20,1.20
2011.04.26 13:10:05.556,1.81865,1.81918,1.20,1.20
2011.04.26 13:10:06.778,1.81865,1.81921,1.20,1.20
2011.04.26 13:10:10.226,1.81863,1.81918,1.80,1.20
2011.04.26 13:10:12.276,1.81866,1.8192,1.20,1.20
2011.04.26 13:10:12.826,1.81867,1.81921,1.20,1.20
2011.04.26 13:10:12.937,1.81869,1.81932,1.20,1.20
2011.04.26 13:10:13.267,1.81866,1.81924,1.20,1.20
2011.04.26 13:10:13.596,1.81867,1.81922,1.20,1.20
2011.04.26 13:10:14.215,1.81867,1.81921,1.20,1.20
2011.04.26 13:10:15.247,1.81866,1.8192,1.20,1.20
2011.04.26 13:10:16.527,1.81861,1.81915,1.80,1.20
2011.04.26 13:10:17.637,1.81861,1.81915,1.20,1.20
2011.04.26 13:10:17.966,1.81856,1.81912,1.80,1.20
2011.04.26 13:10:18.516,1.81855,1.81911,1.80,1.20
2011.04.26 13:10:19.127,1.81856,1.81912,1.80,1.20
2011.04.26 13:10:19.360,1.81867,1.81921,1.20,1.80
2011.04.26 13:10:19.696,1.81865,1.81918,1.20,1.20
2011.04.26 13:10:20.469,1.81863,1.81918,1.20,1.20
2011.04.26 13:10:20.578,1.81865,1.81918,1.20,1.20
2011.04.26 13:10:21.287,1.81859,1.81915,1.20,1.20
2011.04.26 13:10:21.395,1.81856,1.8191,1.80,1.20
2011.04.26 13:10:21.616,1.81858,1.81913,1.20,1.20
2011.04.26 13:10:21.726,1.81857,1.81911,1.80,1.20
2011.04.26 13:10:25.377,1.81847,1.81901,2.55,1.20
2011.04.26 13:10:25.486,1.81847,1.81901,1.80,1.20
2011.04.26 13:10:25.707,1.81848,1.81903,1.20,1.20
2011.04.26 13:10:25.817,1.81853,1.81908,1.80,1.20
2011.04.26 13:10:25.928,1.81856,1.81912,1.80,1.20
2011.04.26 13:10:26.366,1.81853,1.81909,1.80,1.20
2011.04.26 13:10:28.038,1.81856,1.81912,1.80,1.20
2011.04.26 13:10:28.257,1.81859,1.81915,1.20,1.20
2011.04.26 13:10:28.365,1.81858,1.81913,1.80,1.20
2011.04.26 13:10:28.856,1.81854,1.8191,1.80,1.20
2011.04.26 13:10:29.503,1.81858,1.81913,1.80,1.20
2011.04.26 13:10:33.856,1.81854,1.81908,1.80,1.20
2011.04.26 13:10:35.166,1.81854,1.81908,1.20,1.80
2011.04.26 13:10:35.496,1.81845,1.81892,1.20,1.20
2011.04.26 13:10:36.827,1.81849,1.81894,1.20,1.20
2011.04.26 13:10:38.476,1.81845,1.81891,1.20,1.20
2011.04.26 13:10:39.396,1.81854,1.81906,1.20,2.10
2011.04.26 13:10:42.229,1.81854,1.81907,1.80,1.80
2011.04.26 13:10:43.377,1.81858,1.81913,1.20,3.30
2011.04.26 13:10:44.746,1.8186,1.81913,1.20,2.10
2011.04.26 13:10:45.408,1.81866,1.8192,1.80,1.80
2011.04.26 13:10:45.737,1.81869,1.81922,1.20,1.80
2011.04.26 13:10:46.176,1.81869,1.81922,1.20,1.80
2011.04.26 13:10:46.399,1.81855,1.81921,1.35,1.20
2011.04.26 13:10:53.708,1.81849,1.81921,1.35,1.80
2011.04.26 13:10:53.819,1.81849,1.81921,1.35,1.20
2011.04.26 13:10:53.928,1.81849,1.81915,1.35,1.20
2011.04.26 13:10:54.256,1.81858,1.81913,1.58,1.20
2011.04.26 13:10:56.088,1.8186,1.81916,1.20,1.20
2011.04.26 13:10:56.197,1.81863,1.81918,1.20,1.20
2011.04.26 13:11:00.297,1.81867,1.81921,1.20,1.20
2011.04.26 13:11:06.527,1.81873,1.81928,1.20,1.80
2011.04.26 13:11:06.856,1.81875,1.81931,1.20,1.80
2011.04.26 13:11:07.646,1.81874,1.81929,1.20,1.80
2011.04.26 13:11:08.196,1.81876,1.8193,1.20,1.80
2011.04.26 13:11:09.137,1.81876,1.8193,1.20,1.20
2011.04.26 13:11:09.250,1.81879,1.81934,1.20,1.20
2011.04.26 13:11:09.578,1.81862,1.81933,1.80,1.20
2011.04.26 13:11:09.686,1.81864,1.81933,2.10,1.20
2011.04.26 13:11:09.797,1.81864,1.81937,2.10,1.80
2011.04.26 13:11:13.335,1.81864,1.81935,2.10,1.20
2011.04.26 13:11:13.898,1.81872,1.81939,1.80,1.80
2011.04.26 13:11:15.456,1.8187,1.81939,1.20,1.20
2011.04.26 13:11:15.567,1.81872,1.81939,1.20,1.20
2011.04.26 13:11:15.677,1.81865,1.81939,1.80,1.20
2011.04.26 13:11:16.117,1.81886,1.81941,1.20,1.80
2011.04.26 13:11:26.687,1.81883,1.81939,1.20,1.20
2011.04.26 13:11:26.797,1.81883,1.81939,1.20,1.80
2011.04.26 13:11:27.018,1.81883,1.81937,1.20,1.20
2011.04.26 13:11:27.347,1.81877,1.81933,1.80,1.20
2011.04.26 13:11:33.146,1.81875,1.8193,1.80,1.20
2011.04.26 13:11:33.476,1.81874,1.81928,1.80,1.20
2011.04.26 13:11:34.027,1.81876,1.81929,1.80,1.20
2011.04.26 13:11:37.406,1.81876,1.81929,1.20,1.80
2011.04.26 13:11:37.847,1.81846,1.81923,1.35,1.80
2011.04.26 13:11:38.068,1.81852,1.81943,2.10,2.10
2011.04.26 13:11:47.009,1.81865,1.81941,1.20,3.00
2011.04.26 13:11:47.444,1.81864,1.81918,1.20,1.20
2011.04.26 13:11:48.812,1.81867,1.81923,1.20,1.20
2011.04.26 13:11:49.037,1.81864,1.81918,1.20,1.20
2011.04.26 13:11:49.366,1.81867,1.81923,1.20,1.80
2011.04.26 13:11:49.915,1.81868,1.81924,1.20,1.80
2011.04.26 13:11:50.466,1.81867,1.81923,1.20,1.80
2011.04.26 13:11:51.548,1.81872,1.81925,1.20,1.80
2011.04.26 13:11:53.465,1.81874,1.81926,1.20,2.10
2011.04.26 13:11:54.021,1.81873,1.81926,1.20,2.10
2011.04.26 13:12:00.868,1.81861,1.81917,1.20,1.80
2011.04.26 13:12:05.857,1.81863,1.81917,1.20,1.80
2011.04.26 13:12:06.779,1.81866,1.81919,1.20,1.80
2011.04.26 13:12:07.387,1.81872,1.81926,1.20,2.10
2011.04.26 13:12:07.718,1.81876,1.81926,1.20,2.10
2011.04.26 13:12:08.156,1.81874,1.81926,1.20,2.10
2011.04.26 13:12:08.596,1.81877,1.8193,1.20,1.80
2011.04.26 13:12:08.708,1.8188,1.81935,1.20,1.80
2011.04.26 13:12:08.818,1.81877,1.8193,1.20,1.80
2011.04.26 13:12:08.928,1.81882,1.81937,1.20,2.10
2011.04.26 13:12:09.259,1.81886,1.81941,1.20,1.80
2011.04.26 13:12:09.368,1.81868,1.8194,1.80,1.80
2011.04.26 13:12:09.587,1.81886,1.81941,1.20,1.80
2011.04.26 13:12:10.235,1.81887,1.81943,1.20,1.80
2011.04.26 13:12:17.207,1.81886,1.81939,1.20,1.80
2011.04.26 13:12:19.356,1.81884,1.81938,1.20,1.80
2011.04.26 13:12:21.017,1.81885,1.8194,1.20,1.80
2011.04.26 13:12:22.097,1.81878,1.81934,1.20,1.20
2011.04.26 13:12:22.207,1.81887,1.81943,1.20,3.00
2011.04.26 13:12:29.396,1.81886,1.81941,1.20,1.80
2011.04.26 13:12:29.506,1.81883,1.81939,1.20,1.80
2011.04.26 13:12:29.726,1.81885,1.8194,1.20,1.80
2011.04.26 13:12:30.209,1.81882,1.81935,1.20,1.20
2011.04.26 13:12:30.538,1.81876,1.81931,1.20,1.80
2011.04.26 13:12:30.977,1.81872,1.81928,1.20,1.80
2011.04.26 13:12:34.477,1.81866,1.81919,1.80,1.20
2011.04.26 13:12:34.809,1.81864,1.81918,1.20,1.80
2011.04.26 13:12:35.028,1.81872,1.81928,1.20,1.80
2011.04.26 13:12:35.249,1.81876,1.81932,1.20,1.80
2011.04.26 13:12:35.359,1.81881,1.81933,1.20,1.80
2011.04.26 13:12:35.963,1.81882,1.81934,1.20,1.80
2011.04.26 13:12:36.517,1.81881,1.81935,1.20,1.80
2011.04.26 13:12:37.608,1.81876,1.81931,1.20,1.20
2011.04.26 13:12:37.826,1.81874,1.81928,1.80,1.20
2011.04.26 13:12:38.157,1.81877,1.81936,1.20,1.80
2011.04.26 13:12:39.036,1.81876,1.81929,1.20,1.20
2011.04.26 13:12:40.526,1.81873,1.81929,1.80,1.20
2011.04.26 13:12:42.476,1.81873,1.81929,1.20,1.80
2011.04.26 13:12:43.026,1.81867,1.81923,1.20,1.80
2011.04.26 13:12:58.407,1.81863,1.81919,1.20,1.20
2011.04.26 13:13:00.618,1.81863,1.81919,1.20,1.80
2011.04.26 13:13:00.838,1.81861,1.81914,1.20,1.80
2011.04.26 13:13:00.947,1.81864,1.81918,1.20,1.80
2011.04.26 13:13:01.060,1.81864,1.81918,1.20,1.20
2011.04.26 13:13:01.278,1.81868,1.81922,1.20,1.80
2011.04.26 13:13:02.157,1.81865,1.8192,1.20,1.80
2011.04.26 13:13:02.266,1.81864,1.81918,1.20,1.20
2011.04.26 13:13:03.207,1.81863,1.81917,1.20,1.20
2011.04.26 13:13:03.686,1.81863,1.81917,1.20,1.80
2011.04.26 13:13:03.807,1.81836,1.81925,4.05,3.30
2011.04.26 13:13:04.798,1.81858,1.81925,1.20,2.10
2011.04.26 13:13:05.348,1.81866,1.81922,1.20,3.00
2011.04.26 13:13:05.896,1.81865,1.81921,1.20,1.80
2011.04.26 13:13:09.206,1.81868,1.81922,1.20,1.80
2011.04.26 13:13:13.387,1.81866,1.81922,1.20,1.80
2011.04.26 13:13:14.128,1.81867,1.81921,1.20,1.80
2011.04.26 13:13:19.877,1.81866,1.81919,1.20,1.80
2011.04.26 13:13:23.189,1.81866,1.81919,1.20,1.80
2011.04.26 13:13:23.407,1.81852,1.81908,1.20,1.80
2011.04.26 13:13:23.516,1.8185,1.81905,1.20,1.20
2011.04.26 13:13:23.627,1.81848,1.81902,1.20,1.20
2011.04.26 13:13:24.067,1.81848,1.81918,1.20,1.80
2011.04.26 13:13:24.286,1.81848,1.81912,1.80,1.20
2011.04.26 13:13:24.506,1.8185,1.81924,1.80,1.80
2011.04.26 13:13:26.259,1.81858,1.81926,2.10,1.20
2011.04.26 13:13:26.480,1.81858,1.81931,2.10,1.80
2011.04.26 13:13:26.698,1.81859,1.81933,1.20,1.80
2011.04.26 13:13:26.917,1.81857,1.81913,1.20,1.20
2011.04.26 13:13:28.546,1.81857,1.81913,1.20,1.80
2011.04.26 13:13:35.756,1.81853,1.81907,1.20,1.80
2011.04.26 13:13:35.867,1.81851,1.81907,1.20,1.80
2011.04.26 13:13:36.227,1.81849,1.81903,1.20,1.80
2011.04.26 13:13:37.917,1.8185,1.81902,1.20,2.10
2011.04.26 13:13:38.138,1.81847,1.81895,1.20,1.80
2011.04.26 13:13:38.247,1.8185,1.81895,1.20,1.20
2011.04.26 13:13:38.689,1.81855,1.81898,1.20,1.80
2011.04.26 13:13:41.491,1.81845,1.8189,1.20,1.20
2011.04.26 13:13:41.717,1.81845,1.8189,1.20,1.80
2011.04.26 13:13:41.936,1.81854,1.81899,1.20,1.80
2011.04.26 13:13:42.978,1.81856,1.81899,1.20,1.80
2011.04.26 13:13:43.529,1.81857,1.81903,1.20,1.80
2011.04.26 13:13:43.857,1.81843,1.81897,1.80,1.20
2011.04.26 13:13:44.077,1.81857,1.81903,1.20,1.80
2011.04.26 13:13:44.627,1.81856,1.81899,1.20,1.80
2011.04.26 13:13:49.877,1.81846,1.81889,1.80,1.20
2011.04.26 13:13:49.989,1.81856,1.81899,1.20,1.80
2011.04.26 13:13:50.098,1.81866,1.81912,1.20,1.80
2011.04.26 13:13:51.258,1.81866,1.81912,1.80,1.80
2011.04.26 13:13:51.368,1.81877,1.81921,1.20,2.10
2011.04.26 13:13:51.918,1.81876,1.81922,1.80,1.80
2011.04.26 13:13:57.556,1.81884,1.81939,1.80,3.30
2011.04.26 13:14:10.367,1.81885,1.81938,1.20,1.80
2011.04.26 13:14:10.928,1.81886,1.81939,1.20,3.30
2011.04.26 13:14:11.647,1.81878,1.81922,1.20,1.20
2011.04.26 13:14:14.391,1.81891,1.81933,1.20,2.10
2011.04.26 13:14:14.840,1.81892,1.81938,1.20,1.80
2011.04.26 13:14:14.949,1.81901,1.81944,1.20,3.30
2011.04.26 13:14:15.059,1.81897,1.81943,1.20,1.80
2011.04.26 13:14:15.280,1.81897,1.81936,1.20,2.10
2011.04.26 13:14:15.389,1.81882,1.81936,1.20,2.10
2011.04.26 13:14:15.499,1.81882,1.81927,1.20,2.10
2011.04.26 13:14:15.611,1.81865,1.81915,1.80,1.20
2011.04.26 13:14:15.717,1.81897,1.81943,1.20,2.25
2011.04.26 13:14:16.158,1.81871,1.81937,1.80,1.80
2011.04.26 13:14:16.377,1.81883,1.81937,1.20,1.80
2011.04.26 13:14:19.476,1.81882,1.81938,1.20,1.80
2011.04.26 13:14:20.348,1.81868,1.81936,2.10,1.80
2011.04.26 13:14:20.567,1.81884,1.81938,1.20,1.80
2011.04.26 13:14:21.116,1.81885,1.8194,1.20,1.80
2011.04.26 13:14:23.558,1.81883,1.81939,1.20,1.80
2011.04.26 13:14:23.669,1.819,1.81943,1.20,1.80
2011.04.26 13:14:24.227,1.81894,1.81939,1.20,1.80
2011.04.26 13:14:24.337,1.819,1.81943,1.20,1.80
2011.04.26 13:14:25.289,1.81896,1.81939,1.20,1.80
2011.04.26 13:14:25.722,1.81899,1.81944,1.20,1.20
2011.04.26 13:14:29.887,1.819,1.81945,1.20,1.20
2011.04.26 13:14:30.496,1.81902,1.81948,1.20,1.20
2011.04.26 13:14:31.667,1.819,1.81945,1.20,1.20
2011.04.26 13:14:32.589,1.81902,1.81948,1.20,1.20
2011.04.26 13:14:38.098,1.81908,1.81954,1.20,1.80
2011.04.26 13:14:38.319,1.81916,1.81959,1.20,1.80
2011.04.26 13:14:38.868,1.81917,1.8196,1.20,1.20
2011.04.26 13:14:39.086,1.81923,1.81967,1.20,1.20
2011.04.26 13:14:41.876,1.81926,1.81971,1.20,1.80
2011.04.26 13:14:42.207,1.81922,1.81968,1.20,1.20
2011.04.26 13:14:42.317,1.81928,1.81972,1.20,1.80
2011.04.26 13:14:42.646,1.81922,1.81968,1.20,1.20
2011.04.26 13:14:47.266,1.81924,1.81968,1.20,1.20
2011.04.26 13:14:48.147,1.81925,1.8197,1.20,1.80
2011.04.26 13:14:48.617,1.81927,1.81968,1.20,2.10
2011.04.26 13:14:48.947,1.81923,1.81968,1.80,1.80
2011.04.26 13:14:49.168,1.81936,1.81976,1.20,2.10
2011.04.26 13:14:51.277,1.81931,1.81975,1.20,1.80
2011.04.26 13:14:56.417,1.81926,1.8197,1.80,1.80
2011.04.26 13:14:59.586,1.81927,1.81971,1.20,1.80
2011.04.26 13:15:00.136,1.81926,1.8197,1.80,1.80
2011.04.26 13:15:02.939,1.81923,1.81968,1.20,1.80
2011.04.26 13:15:03.509,1.81934,1.81969,1.20,2.10
2011.04.26 13:15:03.617,1.81934,1.81979,1.20,1.80
2011.04.26 13:15:03.836,1.81929,1.81974,1.80,1.80
2011.04.26 13:15:04.507,1.81934,1.81979,1.20,1.80
2011.04.26 13:15:05.387,1.81929,1.81974,1.80,1.80
2011.04.26 13:15:06.298,1.81924,1.81969,1.20,1.80
2011.04.26 13:15:06.626,1.81929,1.81973,1.20,3.30
2011.04.26 13:15:08.822,1.81929,1.81974,1.20,1.80
2011.04.26 13:15:10.757,1.81926,1.8197,1.80,1.20
2011.04.26 13:15:10.867,1.81924,1.81969,1.20,1.80
2011.04.26 13:15:11.086,1.81921,1.81967,1.20,1.80
2011.04.26 13:15:11.197,1.81923,1.81968,1.20,1.80
2011.04.26 13:15:11.649,1.81917,1.81962,1.80,1.80
2011.04.26 13:15:11.868,1.81917,1.81962,1.20,3.30
2011.04.26 13:15:12.199,1.81913,1.81955,1.20,2.10
2011.04.26 13:15:12.309,1.8191,1.81955,1.20,2.10
2011.04.26 13:15:12.530,1.81909,1.81946,1.20,2.10
2011.04.26 13:15:12.639,1.81909,1.81954,1.20,1.80
2011.04.26 13:15:13.141,1.81895,1.81938,1.80,1.20
2011.04.26 13:15:13.687,1.81894,1.81937,3.30,1.20
2011.04.26 13:15:13.906,1.81894,1.81939,3.30,1.20
2011.04.26 13:15:14.018,1.81895,1.81941,1.80,1.20
2011.04.26 13:15:14.556,1.81899,1.81944,1.80,1.20
2011.04.26 13:15:14.668,1.81902,1.81944,2.10,1.20
2011.04.26 13:15:14.777,1.81904,1.81951,1.80,1.20
2011.04.26 13:15:15.388,1.81906,1.8195,1.80,1.20
2011.04.26 13:15:15.938,1.81906,1.8195,1.20,1.80
2011.04.26 13:15:16.048,1.81901,1.81945,1.80,1.20
2011.04.26 13:15:16.158,1.81893,1.81941,1.80,1.20
2011.04.26 13:15:20.198,1.81897,1.81941,1.20,1.80
2011.04.26 13:15:20.418,1.81887,1.81932,1.80,1.20
2011.04.26 13:15:20.638,1.8189,1.81936,1.80,1.20
2011.04.26 13:15:20.747,1.81894,1.81937,1.80,1.20
2011.04.26 13:15:20.967,1.81897,1.81941,1.80,1.20
2011.04.26 13:15:21.627,1.81892,1.81937,1.80,1.20
2011.04.26 13:15:22.217,1.81893,1.81938,1.80,1.20
2011.04.26 13:15:22.548,1.81893,1.81936,1.80,1.20
2011.04.26 13:15:24.317,1.81891,1.81935,3.30,1.20
2011.04.26 13:15:24.897,1.81885,1.81931,1.80,1.20
2011.04.26 13:15:25.008,1.81884,1.81927,1.80,1.20
2011.04.26 13:15:25.448,1.81886,1.81926,2.10,1.20
2011.04.26 13:15:25.559,1.81886,1.81941,2.10,1.80
2011.04.26 13:15:25.779,1.81884,1.81937,1.80,1.80
2011.04.26 13:15:25.998,1.81882,1.81927,1.20,1.20
2011.04.26 13:15:26.107,1.81878,1.81923,1.20,1.20
2011.04.26 13:15:27.008,1.81879,1.81925,1.20,1.20
2011.04.26 13:15:27.671,1.81882,1.81927,1.20,1.20
2011.04.26 13:15:27.898,1.81885,1.81931,1.20,1.20
2011.04.26 13:15:28.119,1.81887,1.81932,1.20,1.20
2011.04.26 13:15:28.448,1.81882,1.81927,1.20,1.20
2011.04.26 13:15:29.109,1.8188,1.81926,1.20,1.20
2011.04.26 13:15:29.220,1.8188,1.81926,1.20,1.80
2011.04.26 13:15:29.549,1.81875,1.81927,1.20,2.10
2011.04.26 13:15:29.660,1.81869,1.81917,1.20,2.10
2011.04.26 13:15:29.879,1.81859,1.81905,3.00,1.20
2011.04.26 13:15:29.989,1.81859,1.81902,1.80,1.20
2011.04.26 13:15:31.437,1.81854,1.819,1.80,1.20
2011.04.26 13:15:31.659,1.81862,1.81917,1.80,3.30
2011.04.26 13:15:31.988,1.81866,1.81917,1.20,2.10
2011.04.26 13:15:32.320,1.81865,1.81908,1.20,2.10
2011.04.26 13:15:32.537,1.81856,1.819,1.20,1.80
2011.04.26 13:15:33.087,1.81854,1.819,1.20,1.80
2011.04.26 13:15:33.418,1.81854,1.81897,1.20,1.20
2011.04.26 13:15:33.747,1.81854,1.819,1.80,1.20
2011.04.26 13:15:33.856,1.81859,1.81902,1.80,1.20
2011.04.26 13:15:33.967,1.81859,1.81905,1.80,1.20
2011.04.26 13:15:34.815,1.8186,1.81904,1.80,1.20
2011.04.26 13:15:34.931,1.81856,1.819,1.80,1.20
2011.04.26 13:15:35.060,1.81856,1.819,1.20,1.20
2011.04.26 13:15:36.226,1.81859,1.81905,1.20,1.80
2011.04.26 13:15:36.939,1.81855,1.81901,1.80,1.80
2011.04.26 13:15:37.838,1.8186,1.81904,1.20,1.80
2011.04.26 13:15:38.388,1.81855,1.81899,1.80,1.20
2011.04.26 13:15:38.720,1.81851,1.81895,1.80,1.20
2011.04.26 13:15:39.047,1.81854,1.8191,1.20,1.80
2011.04.26 13:15:39.919,1.81866,1.81917,1.20,1.80
2011.04.26 13:15:40.031,1.8186,1.81916,1.20,1.80
2011.04.26 13:15:40.138,1.81854,1.81897,1.20,1.20
2011.04.26 13:15:40.578,1.8185,1.81896,1.80,1.20
2011.04.26 13:15:41.018,1.81848,1.81891,1.20,1.20
2011.04.26 13:15:41.126,1.81846,1.81891,1.20,1.20
2011.04.26 13:15:41.239,1.81846,1.81891,1.80,1.20
2011.04.26 13:15:41.457,1.81862,1.81917,1.20,1.80
2011.04.26 13:15:41.676,1.81854,1.819,1.80,1.20
2011.04.26 13:15:41.897,1.81859,1.81905,1.20,1.20
2011.04.26 13:15:42.897,1.81854,1.81901,1.80,1.20
2011.04.26 13:15:43.227,1.81854,1.81897,1.80,1.20
2011.04.26 13:15:44.477,1.81855,1.81899,1.80,1.20
2011.04.26 13:15:44.698,1.81858,1.81903,1.20,1.20
2011.04.26 13:15:45.376,1.81855,1.81899,1.80,1.20
2011.04.26 13:15:46.149,1.8187,1.81914,1.20,1.80
2011.04.26 13:15:46.476,1.81869,1.81912,1.20,1.20
2011.04.26 13:15:46.698,1.81869,1.81915,1.20,1.80
2011.04.26 13:15:47.247,1.81868,1.81913,1.20,1.20
2011.04.26 13:15:47.687,1.81868,1.81911,1.20,1.20
2011.04.26 13:15:50.314,1.81865,1.81911,1.80,1.20
2011.04.26 13:15:53.126,1.8187,1.81916,1.20,1.80
2011.04.26 13:15:53.676,1.81871,1.81915,1.20,1.80
2011.04.26 13:16:01.266,1.81868,1.81911,1.20,1.20
2011.04.26 13:16:03.658,1.81871,1.81915,1.20,1.80
2011.04.26 13:16:05.508,1.81874,1.81917,1.20,1.80
2011.04.26 13:16:06.538,1.81874,1.81917,1.80,1.20
2011.04.26 13:16:06.647,1.81879,1.81925,1.20,1.80
2011.04.26 13:16:07.198,1.81884,1.8193,1.20,1.80
2011.04.26 13:16:07.308,1.8188,1.81926,1.20,1.80
2011.04.26 13:16:10.147,1.8188,1.81926,1.80,1.20
2011.04.26 13:16:11.427,1.81885,1.81929,1.80,1.20
2011.04.26 13:16:14.337,1.81885,1.81929,1.20,1.80
2011.04.26 13:16:16.359,1.81888,1.81931,1.20,1.80
2011.04.26 13:16:16.468,1.81888,1.81931,1.80,1.20
2011.04.26 13:16:17.021,1.819,1.81946,1.20,1.80
2011.04.26 13:16:17.470,1.81903,1.81948,1.20,1.80
2011.04.26 13:16:18.376,1.81901,1.81945,1.20,1.80
2011.04.26 13:16:18.708,1.81898,1.81943,1.20,1.80
2011.04.26 13:16:19.616,1.81893,1.81938,1.20,1.80
2011.04.26 13:16:20.826,1.81889,1.81935,1.20,1.80
2011.04.26 13:16:21.376,1.81894,1.81939,1.20,1.80
2011.04.26 13:16:21.860,1.81896,1.81942,1.20,1.80
2011.04.26 13:16:22.188,1.81899,1.81942,1.20,1.80
2011.04.26 13:16:22.299,1.81899,1.81942,1.20,1.80
2011.04.26 13:16:23.808,1.81896,1.81942,1.20,1.80
2011.04.26 13:16:24.248,1.81889,1.81932,1.20,1.80
2011.04.26 13:16:24.797,1.8189,1.81936,1.20,2.10
2011.04.26 13:16:26.449,1.8189,1.81938,1.20,1.80
2011.04.26 13:16:26.669,1.81893,1.81938,1.20,1.80
2011.04.26 13:16:27.256,1.81897,1.81941,1.20,1.80
2011.04.26 13:16:28.596,1.81897,1.81941,1.80,1.20
2011.04.26 13:16:28.816,1.81898,1.81943,1.20,1.20
2011.04.26 13:16:30.207,1.81895,1.81941,1.20,1.80
2011.04.26 13:16:30.538,1.81892,1.81937,1.20,1.80
2011.04.26 13:16:31.427,1.81896,1.81942,1.20,1.80
2011.04.26 13:16:31.540,1.81894,1.81939,1.20,1.80
2011.04.26 13:16:33.078,1.81894,1.81939,1.80,1.20
2011.04.26 13:16:33.297,1.81897,1.81941,1.80,1.20
2011.04.26 13:16:34.027,1.81898,1.81943,1.80,1.20
2011.04.26 13:16:35.059,1.81897,1.81941,1.80,1.20
2011.04.26 13:16:38.117,1.81899,1.81944,3.30,1.20
2011.04.26 13:16:38.226,1.81909,1.81954,1.80,1.20
2011.04.26 13:16:38.337,1.81905,1.81951,1.80,1.20
2011.04.26 13:16:39.157,1.8191,1.81953,1.20,1.20
2011.04.26 13:16:39.719,1.81911,1.81955,1.20,1.20
2011.04.26 13:16:40.051,1.81914,1.81957,1.80,1.20
2011.04.26 13:16:40.158,1.81919,1.81962,1.80,1.20
2011.04.26 13:16:40.268,1.81919,1.81962,1.20,1.80
2011.04.26 13:16:40.707,1.81921,1.81967,1.20,1.80
2011.04.26 13:16:40.817,1.81919,1.81962,1.20,1.80
2011.04.26 13:16:40.927,1.81917,1.81962,1.20,1.80
2011.04.26 13:16:42.177,1.81915,1.81961,1.80,1.80
2011.04.26 13:16:42.398,1.81915,1.81958,1.80,1.20
2011.04.26 13:16:42.729,1.81922,1.81975,1.80,1.80
2011.04.26 13:16:42.838,1.81925,1.81968,1.80,1.20
2011.04.26 13:16:43.120,1.81926,1.81972,1.80,1.80
2011.04.26 13:16:43.233,1.81932,1.81976,1.20,1.80
2011.04.26 13:16:43.457,1.81929,1.81974,1.20,1.80
2011.04.26 13:16:43.989,1.81926,1.81972,1.80,1.80
2011.04.26 13:16:44.099,1.81926,1.81972,1.20,1.80
2011.04.26 13:16:44.211,1.81921,1.81965,1.20,1.80
2011.04.26 13:16:44.437,1.8192,1.81963,1.20,1.20
2011.04.26 13:16:44.657,1.81921,1.81965,1.20,1.80
2011.04.26 13:16:46.358,1.81923,1.81968,1.20,1.80
2011.04.26 13:16:46.905,1.81924,1.81969,1.20,1.80
2011.04.26 13:16:49.326,1.81918,1.81964,1.80,1.20
2011.04.26 13:16:49.902,1.81918,1.81963,1.80,1.20
2011.04.26 13:16:50.017,1.81914,1.81957,1.80,1.20
2011.04.26 13:16:51.657,1.81918,1.81963,1.80,1.20
2011.04.26 13:16:52.098,1.81911,1.81957,1.80,1.80
2011.04.26 13:16:52.427,1.81905,1.81951,1.80,1.20
2011.04.26 13:16:54.728,1.81905,1.81951,1.20,1.80
2011.04.26 13:16:54.838,1.81901,1.81945,1.80,1.20
2011.04.26 13:16:57.337,1.81901,1.81945,1.20,1.80
2011.04.26 13:16:57.447,1.81893,1.81938,1.20,1.80
2011.04.26 13:16:59.117,1.81888,1.81933,1.80,1.20
2011.04.26 13:16:59.908,1.81887,1.81932,1.80,1.20
2011.04.26 13:17:01.167,1.81887,1.81932,1.20,1.80
2011.04.26 13:17:01.562,1.8188,1.81926,1.80,1.20
2011.04.26 13:17:06.697,1.81883,1.81926,1.20,1.20
2011.04.26 13:17:06.809,1.81887,1.81932,1.80,1.20
2011.04.26 13:17:07.027,1.81893,1.81938,1.80,1.20
2011.04.26 13:17:07.138,1.81895,1.81938,1.20,1.20
2011.04.26 13:17:10.387,1.81893,1.81939,1.80,1.80
2011.04.26 13:17:10.607,1.81894,1.81937,1.20,1.20
2011.04.26 13:17:12.189,1.81899,1.81942,1.20,1.80
2011.04.26 13:17:13.288,1.81898,1.81943,1.20,1.80
2011.04.26 13:17:15.407,1.81895,1.81938,1.20,1.20
2011.04.26 13:17:20.990,1.81895,1.81922,1.20,2.10
2011.04.26 13:17:21.100,1.81861,1.81905,1.80,1.20
2011.04.26 13:17:21.210,1.81877,1.81905,2.10,1.20
2011.04.26 13:17:21.431,1.81884,1.81927,1.80,1.20
2011.04.26 13:17:21.548,1.81895,1.81938,1.20,1.80
2011.04.26 13:17:21.768,1.81895,1.81938,1.80,1.20
2011.04.26 13:17:21.987,1.81897,1.81941,1.80,1.20
2011.04.26 13:17:27.257,1.81895,1.8194,1.20,2.10
2011.04.26 13:17:27.367,1.81884,1.81929,1.80,1.20
2011.04.26 13:17:28.267,1.81892,1.81929,2.10,1.20
2011.04.26 13:17:28.377,1.81896,1.8194,1.80,1.80
2011.04.26 13:17:31.437,1.81896,1.8194,1.80,2.25
2011.04.26 13:17:31.766,1.81882,1.81907,2.10,1.20
2011.04.26 13:17:31.878,1.81885,1.81927,1.80,1.20
2011.04.26 13:17:32.097,1.81895,1.81941,1.80,1.80
2011.04.26 13:17:34.387,1.81895,1.81937,1.20,2.10
2011.04.26 13:17:34.497,1.81884,1.81929,1.80,1.80
2011.04.26 13:17:35.078,1.81881,1.81927,1.80,1.20
2011.04.26 13:17:36.398,1.81879,1.81924,1.80,1.20
2011.04.26 13:17:38.577,1.8188,1.81923,1.80,1.20
2011.04.26 13:17:38.906,1.81882,1.81925,2.10,1.20
2011.04.26 13:17:39.017,1.81881,1.81925,1.80,1.80
2011.04.26 13:17:42.498,1.81881,1.81914,1.20,2.10
2011.04.26 13:17:42.607,1.81854,1.81891,2.10,1.20
2011.04.26 13:17:42.717,1.81865,1.81891,2.10,1.20
2011.04.26 13:17:42.827,1.8188,1.81926,1.20,1.80
2011.04.26 13:17:43.266,1.8188,1.81926,1.80,1.20
2011.04.26 13:17:47.178,1.81892,1.81926,2.10,1.20
2011.04.26 13:17:47.396,1.819,1.81943,1.80,1.20
2011.04.26 13:17:47.508,1.819,1.81945,1.20,2.10
2011.04.26 13:17:47.837,1.81895,1.81941,1.80,1.20
2011.04.26 13:17:48.305,1.81907,1.81953,1.20,3.30
2011.04.26 13:17:48.530,1.81895,1.81941,1.20,1.80
2011.04.26 13:17:48.860,1.819,1.81943,1.20,1.80
2011.04.26 13:17:48.967,1.81896,1.8194,1.20,1.80
2011.04.26 13:17:51.440,1.81896,1.8194,1.80,1.20
2011.04.26 13:17:51.549,1.81896,1.81934,1.20,2.10
2011.04.26 13:17:51.876,1.81907,1.8195,1.80,1.20
2011.04.26 13:17:52.437,1.81907,1.81951,1.80,1.80
2011.04.26 13:17:52.657,1.81918,1.81958,1.20,2.10
2011.04.26 13:17:52.766,1.81921,1.81963,2.10,2.40
2011.04.26 13:17:54.517,1.81918,1.8194,1.20,2.10
2011.04.26 13:17:54.626,1.81887,1.81928,2.10,1.20
2011.04.26 13:17:54.737,1.81909,1.81928,2.10,1.20
2011.04.26 13:17:54.848,1.81909,1.81951,2.10,1.20
2011.04.26 13:17:54.958,1.81913,1.81951,2.10,1.20
2011.04.26 13:17:55.176,1.81918,1.81963,1.80,1.80
2011.04.26 13:17:56.198,1.81929,1.81969,1.20,2.10
2011.04.26 13:17:56.307,1.81929,1.81972,1.80,1.20
2011.04.26 13:17:56.528,1.81929,1.81974,1.80,1.20
2011.04.26 13:17:57.186,1.81931,1.81975,1.80,1.80
2011.04.26 13:18:00.336,1.8193,1.81973,1.80,1.20
2011.04.26 13:18:00.667,1.81931,1.81975,1.80,1.80
2011.04.26 13:18:01.216,1.8193,1.81973,1.80,1.20
2011.04.26 13:18:01.879,1.8193,1.81976,1.80,1.80
2011.04.26 13:18:02.103,1.8193,1.81976,1.80,1.20
2011.04.26 13:18:02.218,1.81935,1.81981,1.80,1.20
2011.04.26 13:18:02.440,1.81934,1.81977,1.80,1.20
2011.04.26 13:18:02.658,1.81939,1.81984,1.20,1.80
2011.04.26 13:18:02.769,1.81934,1.81977,1.80,1.20
2011.04.26 13:18:03.318,1.81937,1.81981,1.80,1.20
2011.04.26 13:18:03.429,1.81939,1.81982,1.80,1.20
2011.04.26 13:18:03.539,1.81941,1.81985,1.80,1.20
2011.04.26 13:18:03.867,1.81944,1.81989,1.80,1.20
2011.04.26 13:18:04.199,1.8195,1.81993,1.80,1.20
2011.04.26 13:18:04.307,1.8195,1.81995,1.80,1.20
2011.04.26 13:18:04.417,1.8195,1.81993,1.80,1.20
2011.04.26 13:18:04.749,1.81951,1.81994,1.20,1.80
2011.04.26 13:18:04.986,1.81948,1.81992,1.20,1.80
2011.04.26 13:18:05.116,1.81939,1.81982,1.20,1.80
2011.04.26 13:18:05.230,1.81936,1.8198,1.80,1.20
2011.04.26 13:18:05.339,1.81933,1.81978,1.80,1.20
2011.04.26 13:18:05.887,1.81931,1.81975,1.80,1.20
2011.04.26 13:18:08.068,1.81934,1.81979,1.80,1.20
2011.04.26 13:18:08.176,1.81935,1.81981,1.80,1.20
2011.04.26 13:18:09.717,1.81937,1.81981,1.20,1.20
2011.04.26 13:18:10.319,1.81936,1.8198,1.80,1.20
2011.04.26 13:18:10.759,1.8193,1.81976,1.80,1.20
2011.04.26 13:18:11.540,1.8193,1.81975,1.20,2.10
2011.04.26 13:18:11.647,1.81919,1.81964,1.80,1.20
2011.04.26 13:18:12.244,1.81918,1.81963,1.80,1.20
2011.04.26 13:18:12.469,1.81922,1.81968,1.80,1.80
2011.04.26 13:18:12.579,1.8192,1.81963,1.80,1.20
2011.04.26 13:18:12.687,1.8192,1.81965,1.80,1.20
2011.04.26 13:18:13.318,1.81923,1.81967,1.20,1.80
2011.04.26 13:18:13.428,1.81923,1.81958,1.20,2.10
2011.04.26 13:18:13.536,1.81902,1.81944,2.10,1.20
2011.04.26 13:18:13.649,1.81902,1.81947,2.10,1.20
2011.04.26 13:18:13.758,1.81896,1.81935,2.10,1.20
2011.04.26 13:18:14.197,1.81916,1.81935,2.10,1.20
2011.04.26 13:18:14.312,1.81914,1.81959,1.80,1.80
2011.04.26 13:18:15.007,1.81918,1.81959,2.10,1.20
2011.04.26 13:18:15.116,1.8192,1.81963,1.80,1.80
2011.04.26 13:18:24.710,1.81926,1.81964,2.10,1.20
2011.04.26 13:18:24.927,1.81926,1.81972,3.30,1.80
2011.04.26 13:18:26.638,1.81936,1.81972,2.10,1.20
2011.04.26 13:18:27.186,1.81936,1.81982,1.20,1.80
2011.04.26 13:18:27.447,1.81927,1.81973,1.80,1.20
2011.04.26 13:18:34.198,1.81927,1.81973,1.20,3.30
2011.04.26 13:18:34.441,1.81915,1.8196,1.80,1.20
2011.04.26 13:18:34.878,1.81912,1.81958,1.80,1.20
2011.04.26 13:18:35.438,1.81909,1.81954,1.80,1.20
2011.04.26 13:18:35.767,1.81912,1.81958,1.80,1.20
2011.04.26 13:18:36.098,1.81912,1.81958,1.20,1.80
2011.04.26 13:18:36.318,1.81905,1.8195,1.80,1.20
2011.04.26 13:18:36.427,1.81911,1.81954,1.20,1.80
2011.04.26 13:18:39.097,1.81911,1.81951,1.20,2.10
2011.04.26 13:18:39.317,1.81897,1.81936,2.10,1.20
2011.04.26 13:18:39.429,1.81898,1.81935,2.10,1.20
2011.04.26 13:18:39.841,1.81913,1.81957,1.20,1.80
2011.04.26 13:18:40.387,1.81912,1.81956,1.20,1.80
2011.04.26 13:18:42.387,1.81907,1.81953,1.80,1.20
2011.04.26 13:18:43.636,1.81907,1.81953,1.20,1.80
2011.04.26 13:18:43.748,1.81896,1.81942,1.80,1.20
2011.04.26 13:18:45.497,1.8192,1.81963,1.80,3.00
2011.04.26 13:18:45.991,1.8192,1.81963,1.80,1.20
2011.04.26 13:18:46.317,1.81915,1.81953,1.20,1.80
2011.04.26 13:18:46.426,1.81907,1.81953,1.80,1.80
2011.04.26 13:18:46.648,1.81908,1.81953,2.10,1.20
2011.04.26 13:18:47.429,1.81921,1.81953,2.10,1.20
2011.04.26 13:18:47.648,1.81921,1.81963,2.10,1.20
2011.04.26 13:18:48.195,1.81921,1.81964,3.30,1.20
2011.04.26 13:18:48.746,1.81921,1.81963,2.10,1.20
2011.04.26 13:19:02.367,1.81923,1.81967,1.80,1.20
2011.04.26 13:19:02.807,1.81921,1.81964,2.10,1.20
2011.04.26 13:19:05.157,1.81921,1.81962,2.10,1.20
2011.04.26 13:19:05.489,1.81921,1.81959,2.10,1.20
2011.04.26 13:19:06.036,1.81921,1.8196,2.10,1.20
2011.04.26 13:19:07.296,1.81921,1.81959,2.10,1.20
2011.04.26 13:19:08.857,1.81914,1.81959,1.80,1.20
2011.04.26 13:19:09.417,1.81915,1.8196,1.80,1.20
2011.04.26 13:19:09.638,1.8192,1.81963,1.20,1.80
2011.04.26 13:19:11.151,1.81911,1.81954,1.80,1.20
2011.04.26 13:19:11.257,1.81911,1.81957,1.80,1.20
2011.04.26 13:19:12.467,1.81909,1.81953,1.80,1.20
2011.04.26 13:19:13.016,1.81908,1.81952,1.80,1.20
2011.04.26 13:19:13.789,1.81903,1.81947,1.80,1.20
2011.04.26 13:19:13.897,1.81901,1.81944,1.80,1.20
2011.04.26 13:19:14.337,1.81897,1.81942,2.10,1.20
2011.04.26 13:19:14.447,1.81902,1.81958,1.80,1.80
2011.04.26 13:19:14.667,1.81905,1.81959,2.10,1.20
2011.04.26 13:19:17.136,1.81905,1.81957,2.10,1.20
2011.04.26 13:19:17.726,1.81905,1.81958,3.30,1.20
2011.04.26 13:19:18.497,1.81905,1.81957,2.10,1.20
2011.04.26 13:19:19.066,1.81905,1.81958,3.30,1.20
2011.04.26 13:19:19.177,1.81905,1.81958,1.20,1.80
2011.04.26 13:19:19.399,1.81896,1.81942,1.20,1.20
2011.04.26 13:19:19.728,1.81887,1.81931,3.30,1.20
2011.04.26 13:19:20.057,1.81887,1.81929,2.10,1.20
2011.04.26 13:19:28.400,1.81882,1.81926,1.80,1.20
2011.04.26 13:19:28.507,1.81884,1.81926,2.10,1.20
2011.04.26 13:19:28.836,1.81884,1.81939,3.30,1.80
2011.04.26 13:19:28.947,1.81898,1.81943,1.80,1.20
2011.04.26 13:19:29.387,1.81895,1.81941,1.80,1.20
2011.04.26 13:19:29.981,1.81892,1.81937,3.30,1.20
2011.04.26 13:19:30.418,1.81889,1.81932,1.80,1.20
2011.04.26 13:19:30.638,1.81882,1.81926,2.10,1.20
2011.04.26 13:19:30.968,1.8189,1.81929,2.10,1.20
2011.04.26 13:19:31.297,1.81905,1.8194,2.10,1.20
2011.04.26 13:19:31.408,1.81909,1.81952,1.80,1.20
2011.04.26 13:19:31.847,1.81909,1.8195,1.20,2.10
2011.04.26 13:19:32.068,1.81901,1.81945,1.80,1.80
2011.04.26 13:19:33.719,1.81908,1.81947,2.10,1.20
2011.04.26 13:19:33.937,1.81908,1.8195,2.10,1.20
2011.04.26 13:19:34.159,1.8191,1.81956,1.80,1.20
2011.04.26 13:19:34.377,1.81908,1.81949,2.10,1.20
2011.04.26 13:19:34.938,1.81908,1.8195,2.10,1.20
2011.04.26 13:19:36.947,1.81908,1.81951,3.30,1.20
2011.04.26 13:19:37.277,1.81908,1.81948,2.10,1.20
2011.04.26 13:19:37.867,1.81903,1.81948,1.80,1.20
2011.04.26 13:19:38.292,1.81898,1.81943,3.30,1.20
2011.04.26 13:19:38.518,1.81907,1.81952,1.80,1.20
2011.04.26 13:19:38.629,1.81903,1.81948,1.80,1.20
2011.04.26 13:19:39.509,1.81907,1.81952,1.80,1.20
2011.04.26 13:19:41.166,1.8191,1.81952,2.10,1.20
2011.04.26 13:19:42.739,1.81918,1.8196,2.10,1.20
2011.04.26 13:19:42.848,1.81918,1.81962,2.10,1.20
2011.04.26 13:19:46.116,1.81919,1.81965,1.80,1.20
2011.04.26 13:19:48.048,1.81932,1.81965,2.10,1.20
2011.04.26 13:19:48.158,1.81932,1.81977,2.10,1.20
2011.04.26 13:19:48.267,1.81924,1.81977,1.80,1.20
2011.04.26 13:19:49.967,1.8192,1.81971,2.10,1.20
2011.04.26 13:19:50.286,1.8192,1.81969,2.10,1.20
2011.04.26 13:19:51.847,1.81915,1.81969,1.80,1.20
2011.04.26 13:19:51.957,1.8191,1.81966,1.80,1.20
2011.04.26 13:19:52.862,1.8191,1.81966,1.20,1.80
2011.04.26 13:19:52.978,1.81907,1.81948,1.20,1.20
2011.04.26 13:19:53.529,1.81903,1.81948,1.20,1.20
2011.04.26 13:19:54.077,1.81904,1.81949,1.20,1.20
2011.04.26 13:19:54.967,1.81907,1.81952,1.20,1.20
2011.04.26 13:19:55.913,1.81908,1.81951,1.20,1.20
2011.04.26 13:19:56.947,1.81903,1.8195,1.20,1.20
2011.04.26 13:19:57.387,1.81908,1.81951,1.20,1.20
2011.04.26 13:19:58.046,1.81907,1.81952,1.20,1.20
2011.04.26 13:19:58.157,1.81903,1.8195,1.20,1.20
2011.04.26 13:19:58.727,1.81904,1.8195,1.20,1.20
2011.04.26 13:20:00.067,1.81908,1.81953,1.20,1.20
2011.04.26 13:20:00.638,1.81907,1.81952,1.20,1.20
2011.04.26 13:20:01.187,1.81905,1.81949,1.20,1.20
2011.04.26 13:20:01.508,1.819,1.81944,1.20,1.20
2011.04.26 13:20:01.727,1.819,1.81946,1.20,1.20
2011.04.26 13:20:02.277,1.81904,1.81947,1.20,1.20
2011.04.26 13:20:02.606,1.81901,1.81945,1.20,1.20
2011.04.26 13:20:03.707,1.81886,1.81931,1.80,1.20
2011.04.26 13:20:03.817,1.81894,1.8194,1.20,1.20
2011.04.26 13:20:03.927,1.81889,1.81935,1.20,1.20
2011.04.26 13:20:05.108,1.81887,1.8193,1.80,1.20
2011.04.26 13:20:05.658,1.81883,1.81926,1.80,1.20
2011.04.26 13:20:05.767,1.81879,1.81923,1.80,1.20
2011.04.26 13:20:07.456,1.81877,1.81922,1.80,1.20
2011.04.26 13:20:08.289,1.81878,1.81924,1.80,1.20
2011.04.26 13:20:08.507,1.81882,1.81924,2.10,1.20
2011.04.26 13:20:08.619,1.81886,1.8194,1.80,1.80
2011.04.26 13:20:09.168,1.81895,1.8194,2.10,1.20
2011.04.26 13:20:09.278,1.81895,1.81946,2.10,1.20
2011.04.26 13:20:09.387,1.8189,1.81943,2.10,1.20
2011.04.26 13:20:09.987,1.81891,1.81945,1.80,1.80
2011.04.26 13:20:13.288,1.81895,1.81947,2.10,1.20
2011.04.26 13:20:13.756,1.81895,1.81949,2.10,1.20
2011.04.26 13:20:14.587,1.81893,1.81949,1.20,1.80
2011.04.26 13:20:14.697,1.81886,1.81931,1.80,1.20
2011.04.26 13:20:15.357,1.81888,1.81931,1.20,1.20
2011.04.26 13:20:15.467,1.81888,1.81934,1.20,1.20
2011.04.26 13:20:19.657,1.81893,1.81936,1.20,1.20
2011.04.26 13:20:22.007,1.81888,1.81934,1.20,1.20
2011.04.26 13:20:25.787,1.81892,1.81935,1.20,1.20
2011.04.26 13:20:28.076,1.81889,1.81935,1.20,1.20
2011.04.26 13:20:28.576,1.81891,1.81936,1.20,1.20
2011.04.26 13:20:30.337,1.81889,1.81935,1.20,1.20
2011.04.26 13:20:31.606,1.81894,1.81937,1.20,1.20
2011.04.26 13:20:31.828,1.81895,1.81939,1.20,1.20
2011.04.26 13:20:37.800,1.81893,1.81936,1.20,1.20
2011.04.26 13:20:37.910,1.81887,1.81932,1.80,1.20
2011.04.26 13:20:38.017,1.81882,1.81925,1.80,1.20
2011.04.26 13:20:38.566,1.81883,1.81926,1.80,1.20
2011.04.26 13:20:40.748,1.81883,1.81929,1.80,1.20
2011.04.26 13:20:41.077,1.81889,1.81934,1.20,1.20
2011.04.26 13:20:41.627,1.81889,1.81935,1.20,1.20
2011.04.26 13:20:41.737,1.81891,1.81936,1.20,1.20
2011.04.26 13:20:42.404,1.81889,1.81935,1.20,1.20
2011.04.26 13:20:44.536,1.81895,1.81939,1.20,1.20
2011.04.26 13:20:44.867,1.8189,1.81934,1.20,1.20
2011.04.26 13:20:45.797,1.81886,1.81931,1.80,1.20
2011.04.26 13:20:45.906,1.81889,1.81935,1.20,1.20
2011.04.26 13:20:47.007,1.81886,1.81931,1.80,1.20
2011.04.26 13:20:48.227,1.81885,1.81929,1.80,1.20
2011.04.26 13:20:48.450,1.81885,1.81929,1.20,1.20
2011.04.26 13:20:48.557,1.81878,1.81924,1.20,1.20
2011.04.26 13:20:48.667,1.81881,1.81924,2.10,1.20
2011.04.26 13:20:49.109,1.81889,1.8194,2.10,1.20
2011.04.26 13:20:49.600,1.81908,1.81964,1.80,1.20
2011.04.26 13:20:50.258,1.81913,1.81966,1.20,1.20
2011.04.26 13:20:52.697,1.81904,1.8195,1.80,1.20
2011.04.26 13:20:53.027,1.81902,1.81946,1.80,1.20
2011.04.26 13:20:53.576,1.81902,1.81947,1.80,1.20
2011.04.26 13:20:53.686,1.81902,1.81947,1.20,1.20
2011.04.26 13:20:55.199,1.81901,1.81946,1.20,1.20
2011.04.26 13:20:55.309,1.81901,1.81946,1.20,1.80
2011.04.26 13:20:55.418,1.81886,1.8194,1.80,1.20
2011.04.26 13:21:00.947,1.81891,1.81945,1.80,1.80
2011.04.26 13:21:07.136,1.81895,1.81949,1.20,2.10
2011.04.26 13:21:26.767,1.81895,1.81951,1.20,1.80
2011.04.26 13:21:33.948,1.81895,1.81951,1.80,1.20
2011.04.26 13:21:34.277,1.81902,1.81956,1.80,1.20
2011.04.26 13:21:34.387,1.81903,1.81947,1.20,1.20
2011.04.26 13:21:34.717,1.81901,1.81945,1.80,1.20
2011.04.26 13:21:35.558,1.81899,1.81944,1.80,1.20
2011.04.26 13:21:35.667,1.81899,1.81944,1.20,1.80
2011.04.26 13:21:38.538,1.81902,1.81946,1.20,1.80
2011.04.26 13:21:38.648,1.81905,1.81948,1.20,1.20
2011.04.26 13:21:38.760,1.81915,1.81958,1.20,3.00
2011.04.26 13:21:38.868,1.81909,1.81954,1.20,1.80
2011.04.26 13:21:38.977,1.81909,1.81954,1.80,1.20
2011.04.26 13:21:39.418,1.81919,1.81964,1.20,1.80
2011.04.26 13:21:39.728,1.8192,1.81965,1.20,1.20
2011.04.26 13:21:42.530,1.81917,1.81961,1.80,1.20
2011.04.26 13:21:42.636,1.8192,1.81965,1.20,1.20
2011.04.26 13:21:42.964,1.81918,1.81962,1.80,1.20
2011.04.26 13:21:43.297,1.81921,1.81964,1.20,1.20
2011.04.26 13:21:55.503,1.81921,1.81967,1.20,1.80
2011.04.26 13:21:55.837,1.81921,1.81967,1.20,3.30
2011.04.26 13:22:00.341,1.81922,1.81967,1.20,2.10
2011.04.26 13:22:00.677,1.81924,1.81967,1.20,2.10
2011.04.26 13:22:00.788,1.81924,1.81968,1.20,1.80
2011.04.26 13:22:00.898,1.81931,1.81968,1.20,1.80
2011.04.26 13:22:01.228,1.81935,1.81968,1.20,1.80
2011.04.26 13:22:01.559,1.81935,1.81978,1.20,3.00
2011.04.26 13:22:01.779,1.81939,1.81984,1.20,3.00
2011.04.26 13:22:02.107,1.81945,1.81987,1.20,2.10
2011.04.26 13:22:02.327,1.81946,1.81989,1.20,1.80
2011.04.26 13:22:03.581,1.81948,1.81994,1.20,1.80
2011.04.26 13:22:03.689,1.81954,1.81998,1.20,1.80
2011.04.26 13:22:04.018,1.81959,1.82,1.20,2.10
2011.04.26 13:22:05.529,1.81947,1.81993,1.20,1.80
2011.04.26 13:22:06.077,1.81951,1.81994,1.20,1.80
2011.04.26 13:22:06.187,1.81948,1.81992,1.20,1.80
2011.04.26 13:22:06.737,1.81951,1.81994,1.20,1.80
2011.04.26 13:22:11.568,1.81947,1.81993,1.20,1.80
2011.04.26 13:22:13.567,1.81943,1.81987,1.80,1.20
2011.04.26 13:22:13.788,1.81947,1.81993,1.20,1.80
2011.04.26 13:22:13.897,1.81942,1.81988,1.80,1.20
2011.04.26 13:22:15.247,1.81942,1.81988,1.20,1.80
2011.04.26 13:22:15.363,1.81927,1.81973,1.20,1.80
2011.04.26 13:22:15.918,1.81923,1.81967,1.80,1.20
2011.04.26 13:22:16.467,1.8193,1.81975,1.20,1.80
2011.04.26 13:22:16.577,1.8193,1.81975,1.80,1.20
2011.04.26 13:22:16.797,1.81936,1.81979,1.20,1.20
2011.04.26 13:22:25.016,1.81936,1.8198,1.20,1.80
2011.04.26 13:22:26.006,1.81936,1.81979,1.20,1.20
2011.04.26 13:22:33.496,1.81936,1.81981,1.20,1.80
2011.04.26 13:22:36.937,1.81936,1.81979,1.20,1.20
2011.04.26 13:22:39.706,1.81937,1.81983,1.20,1.80
2011.04.26 13:22:40.206,1.81939,1.81983,1.20,1.80
2011.04.26 13:22:40.641,1.81936,1.81981,1.20,1.80
2011.04.26 13:22:40.758,1.81938,1.81982,1.20,1.80
2011.04.26 13:22:44.349,1.81938,1.81981,1.20,2.10
2011.04.26 13:22:44.456,1.81936,1.81981,1.20,1.20
2011.04.26 13:22:44.567,1.81926,1.81972,1.80,1.20
2011.04.26 13:22:44.897,1.81932,1.81975,1.20,1.80
2011.04.26 13:22:45.007,1.81925,1.8197,1.20,1.80
2011.04.26 13:22:45.226,1.81928,1.81972,1.20,1.80
2011.04.26 13:22:46.516,1.81925,1.81973,1.20,1.80
2011.04.26 13:22:47.958,1.81923,1.81967,1.20,1.80
2011.04.26 13:22:48.288,1.81925,1.81968,1.20,1.80
2011.04.26 13:22:48.507,1.81923,1.81967,1.20,1.80
2011.04.26 13:22:49.516,1.81921,1.81967,1.80,1.80
2011.04.26 13:22:50.087,1.81919,1.81964,1.80,1.20
2011.04.26 13:22:50.636,1.81917,1.81963,1.80,1.20
2011.04.26 13:22:50.966,1.81915,1.8196,1.20,1.80
2011.04.26 13:22:51.187,1.8191,1.81955,1.80,1.20
2011.04.26 13:22:51.517,1.8191,1.81955,1.20,1.80
2011.04.26 13:22:52.156,1.81906,1.81949,1.20,1.20
2011.04.26 13:22:53.326,1.81907,1.81951,1.20,1.80
2011.04.26 13:22:53.436,1.81908,1.81952,1.80,1.20
2011.04.26 13:22:53.546,1.81916,1.81962,1.20,1.80
2011.04.26 13:22:53.987,1.81922,1.81968,1.20,1.80
2011.04.26 13:22:54.317,1.81924,1.81971,1.20,1.80
2011.04.26 13:22:54.681,1.81924,1.81971,3.30,1.80
2011.04.26 13:22:55.618,1.81924,1.8197,1.80,2.10
2011.04.26 13:22:56.628,1.81926,1.81969,1.20,1.80
2011.04.26 13:23:00.595,1.81921,1.81967,1.80,1.80
2011.04.26 13:23:06.126,1.81926,1.81969,1.20,1.80
2011.04.26 13:23:09.495,1.81927,1.8197,1.20,2.10
2011.04.26 13:23:12.626,1.81926,1.81969,1.20,1.80
2011.04.26 13:23:14.796,1.81928,1.81969,2.10,1.20
2011.04.26 13:23:14.907,1.81937,1.81981,1.20,1.80
2011.04.26 13:23:17.496,1.81944,1.81981,2.10,1.20
2011.04.26 13:23:17.607,1.81947,1.81984,1.80,1.20
2011.04.26 13:23:17.818,1.81947,1.81993,1.80,1.80
2011.04.26 13:23:17.927,1.81947,1.81993,1.20,3.30
2011.04.26 13:23:28.786,1.81949,1.81993,1.20,2.10
2011.04.26 13:23:29.335,1.8195,1.81993,1.20,2.10
2011.04.26 13:23:30.697,1.81954,1.81999,1.20,1.80
2011.04.26 13:23:30.916,1.81957,1.82001,1.20,3.00
2011.04.26 13:23:32.006,1.8196,1.82003,1.20,2.10
2011.04.26 13:23:41.179,1.81957,1.82001,1.20,1.80
2011.04.26 13:23:41.287,1.81957,1.81994,1.20,2.10
2011.04.26 13:23:41.397,1.81952,1.81994,1.20,2.10
2011.04.26 13:23:41.946,1.81949,1.81994,1.20,3.30
2011.04.26 13:23:42.366,1.81951,1.81994,1.20,3.30
2011.04.26 13:23:43.770,1.8195,1.81993,1.20,1.80
2011.04.26 13:23:55.726,1.8195,1.81976,1.20,2.10
2011.04.26 13:23:56.021,1.81919,1.81964,2.10,1.20
2011.04.26 13:23:56.129,1.81936,1.8196,2.10,1.20
2011.04.26 13:23:56.238,1.81939,1.81984,1.80,1.80
2011.04.26 13:23:56.727,1.81939,1.81982,1.20,2.10
2011.04.26 13:23:56.836,1.81934,1.8198,1.80,1.80
2011.04.26 13:23:56.947,1.81935,1.81972,1.20,2.10
2011.04.26 13:23:57.057,1.81925,1.81968,1.20,1.80
2011.04.26 13:23:57.386,1.81921,1.81964,1.20,1.80
2011.04.26 13:23:57.607,1.81921,1.81964,1.20,1.80
2011.04.26 13:23:57.719,1.81916,1.81962,1.20,1.80
2011.04.26 13:23:57.827,1.81913,1.81957,1.20,1.80
2011.04.26 13:23:58.387,1.81912,1.81956,1.20,1.80
2011.04.26 13:23:58.497,1.8191,1.81953,1.20,1.80
2011.04.26 13:23:58.607,1.81906,1.81952,1.20,1.80
2011.04.26 13:23:59.046,1.81903,1.81949,1.80,1.20
2011.04.26 13:23:59.709,1.8191,1.81968,1.80,1.80
2011.04.26 13:24:01.058,1.81915,1.81969,2.10,1.20
2011.04.26 13:24:01.169,1.8191,1.81966,1.80,1.80
2011.04.26 13:24:01.829,1.81921,1.81967,1.20,1.20
2011.04.26 13:24:02.158,1.81944,1.81987,1.20,1.20
2011.04.26 13:24:02.488,1.81945,1.81988,1.20,1.80
2011.04.26 13:24:02.598,1.81945,1.81988,1.20,1.20
2011.04.26 13:24:02.708,1.81946,1.8199,1.20,1.20
2011.04.26 13:24:02.817,1.81932,1.81986,1.80,1.20
2011.04.26 13:24:03.401,1.81933,1.81987,1.80,1.20
2011.04.26 13:24:04.099,1.81936,1.81991,1.80,1.20
2011.04.26 13:24:04.318,1.81934,1.81988,1.80,1.20
2011.04.26 13:24:04.907,1.81931,1.81987,1.80,1.20
2011.04.26 13:24:05.347,1.81933,1.81989,1.80,1.20
2011.04.26 13:24:06.007,1.81932,1.81988,1.80,1.20
2011.04.26 13:24:27.079,1.81932,1.81981,1.20,2.10
2011.04.26 13:24:27.297,1.81917,1.81971,1.80,1.80
2011.04.26 13:24:29.348,1.81914,1.81969,1.80,1.20
2011.04.26 13:24:29.458,1.81914,1.81989,1.80,1.80
2011.04.26 13:24:29.568,1.81913,1.81967,1.80,1.20
2011.04.26 13:24:29.678,1.81916,1.81971,1.80,1.20
2011.04.26 13:24:29.898,1.81917,1.81991,1.80,3.00
2011.04.26 13:24:30.008,1.81917,1.81991,1.20,1.80
2011.04.26 13:24:30.117,1.81915,1.81971,1.20,1.20
2011.04.26 13:24:30.469,1.81914,1.81969,1.20,1.20
2011.04.26 13:24:30.577,1.81911,1.81967,1.20,1.20
2011.04.26 13:24:30.797,1.81909,1.81968,1.20,1.20
2011.04.26 13:24:31.457,1.8191,1.81969,1.20,1.20
2011.04.26 13:24:33.818,1.8191,1.8197,1.20,1.20
2011.04.26 13:24:35.166,1.8191,1.81969,1.20,1.20
2011.04.26 13:24:35.718,1.81907,1.81963,1.20,1.20
2011.04.26 13:24:35.828,1.81909,1.81984,1.20,1.80
2011.04.26 13:24:36.048,1.81931,1.81985,1.20,3.00
2011.04.26 13:24:38.240,1.81934,1.81991,1.20,1.80
2011.04.26 13:24:38.580,1.81937,1.81991,1.20,1.80
2011.04.26 13:24:38.907,1.81953,1.81998,1.20,1.80
2011.04.26 13:24:45.087,1.81948,1.81993,1.20,1.20
2011.04.26 13:24:47.068,1.81948,1.81983,1.20,2.10
2011.04.26 13:24:47.178,1.81925,1.81971,1.80,1.20
2011.04.26 13:24:47.470,1.81936,1.81982,1.20,1.80
2011.04.26 13:24:47.809,1.81934,1.81979,1.20,1.80
2011.04.26 13:24:50.038,1.81924,1.8197,1.80,1.20
2011.04.26 13:24:50.149,1.8193,1.81976,1.20,1.80
2011.04.26 13:24:50.807,1.81929,1.81974,1.20,1.80
2011.04.26 13:24:52.587,1.81927,1.81971,1.80,1.20
2011.04.26 13:24:53.347,1.81929,1.81972,1.20,1.80
2011.04.26 13:24:55.698,1.81926,1.81972,1.80,1.80
2011.04.26 13:24:58.279,1.81939,1.81982,1.20,1.80
2011.04.26 13:24:58.498,1.81939,1.81982,1.80,1.80
2011.04.26 13:24:58.717,1.81939,1.81981,1.20,2.10
2011.04.26 13:24:59.158,1.81942,1.81981,1.20,2.10
2011.04.26 13:25:01.587,1.8194,1.81981,1.20,2.10
2011.04.26 13:25:02.108,1.81939,1.81981,1.20,2.10
2011.04.26 13:25:02.217,1.81937,1.81981,1.20,2.10
2011.04.26 13:25:02.658,1.81945,1.81981,1.20,2.10
2011.04.26 13:25:02.988,1.81945,1.81989,1.20,1.80
2011.04.26 13:25:06.628,1.81949,1.8199,1.20,2.10
2011.04.26 13:25:06.958,1.81944,1.8199,1.20,3.30
2011.04.26 13:25:11.298,1.81943,1.81988,1.20,1.80
2011.04.26 13:25:13.318,1.81945,1.81989,1.20,1.80
2011.04.26 13:25:15.217,1.81949,1.8199,1.20,2.10
2011.04.26 13:25:15.548,1.81949,1.81992,1.20,1.80
2011.04.26 13:25:15.659,1.81953,1.81997,1.20,2.10
2011.04.26 13:25:17.727,1.81952,1.81996,1.20,1.80
2011.04.26 13:25:19.816,1.81953,1.81997,1.20,2.10
2011.04.26 13:25:20.147,1.81951,1.81997,1.20,3.30
2011.04.26 13:25:20.389,1.81948,1.81993,1.80,1.80
2011.04.26 13:25:22.597,1.81952,1.81996,1.20,1.80
2011.04.26 13:25:22.818,1.81949,1.81992,1.20,1.80
2011.04.26 13:25:23.037,1.81955,1.81997,1.20,2.10
2011.04.26 13:25:23.148,1.81951,1.81997,1.20,3.30
2011.04.26 13:25:28.456,1.81951,1.81987,1.20,2.10
2011.04.26 13:25:28.575,1.81948,1.81987,1.20,2.10
2011.04.26 13:25:28.689,1.81948,1.8198,1.20,2.10
2011.04.26 13:25:29.017,1.81938,1.8198,1.20,2.10
2011.04.26 13:25:30.038,1.8194,1.81983,2.10,1.20
2011.04.26 13:25:30.148,1.81948,1.8199,1.80,1.20
2011.04.26 13:25:30.258,1.8195,1.81996,1.20,1.80
2011.04.26 13:25:30.807,1.81949,1.81995,1.80,1.80
2011.04.26 13:25:31.488,1.8195,1.81996,1.20,1.80
2011.04.26 13:25:31.998,1.81952,1.81997,1.20,1.80
2011.04.26 13:25:34.334,1.81964,1.82006,1.20,2.10
2011.04.26 13:25:34.452,1.81964,1.82007,1.20,1.80
2011.04.26 13:25:35.227,1.81965,1.82008,1.20,2.10
2011.04.26 13:25:36.459,1.81978,1.82013,1.20,1.80
2011.04.26 13:25:36.569,1.81978,1.82003,1.20,1.20
2011.04.26 13:25:36.677,1.81972,1.82001,1.20,1.20
2011.04.26 13:25:36.790,1.81978,1.82001,1.20,1.20
2011.04.26 13:25:37.118,1.81978,1.8202,1.20,2.10
2011.04.26 13:25:37.477,1.81978,1.82011,1.20,2.10
2011.04.26 13:25:37.587,1.81968,1.82011,1.20,2.10
2011.04.26 13:25:37.698,1.81966,1.8201,1.20,1.80
2011.04.26 13:25:37.808,1.81955,1.82005,2.10,1.80
2011.04.26 13:25:38.028,1.81966,1.8201,1.80,1.20
2011.04.26 13:25:38.467,1.81966,1.8201,1.20,1.80
2011.04.26 13:25:38.577,1.81961,1.82005,1.80,1.20
2011.04.26 13:25:38.688,1.81966,1.8201,1.80,1.20
2011.04.26 13:25:40.158,1.81964,1.82007,1.80,1.20
2011.04.26 13:25:40.269,1.81964,1.82007,1.20,1.80
2011.04.26 13:25:40.777,1.81963,1.82008,1.20,1.80
2011.04.26 13:25:42.427,1.81958,1.82003,1.80,1.20
2011.04.26 13:25:45.558,1.81982,1.82003,2.10,1.20
2011.04.26 13:25:45.669,1.81992,1.82037,1.80,1.80
2011.04.26 13:25:45.888,1.82001,1.82046,1.20,1.20
2011.04.26 13:25:46.108,1.82013,1.82056,1.20,1.80
2011.04.26 13:25:46.328,1.81989,1.8203,1.20,1.20
2011.04.26 13:25:46.878,1.81979,1.8203,2.10,1.20
2011.04.26 13:25:47.238,1.81975,1.8203,2.10,1.80
2011.04.26 13:25:57.770,1.81967,1.82021,2.10,1.80
2011.04.26 13:26:19.788,1.81987,1.82023,1.20,2.10
2011.04.26 13:26:19.898,1.81984,1.82023,1.20,2.10
2011.04.26 13:26:20.229,1.81984,1.8203,1.80,1.80
2011.04.26 13:26:20.451,1.81989,1.82034,1.20,2.10
2011.04.26 13:26:20.558,1.81995,1.82039,1.20,1.20
2011.04.26 13:26:20.671,1.82002,1.82047,1.20,1.20
2011.04.26 13:26:20.779,1.82004,1.8205,1.20,1.20
2011.04.26 13:26:20.889,1.82008,1.82051,1.20,1.20
2011.04.26 13:26:21.217,1.82014,1.82058,1.20,1.80
2011.04.26 13:26:21.438,1.82013,1.82063,1.20,1.20
2011.04.26 13:26:21.547,1.82024,1.82063,1.20,1.20
2011.04.26 13:26:21.785,1.82024,1.82069,1.20,1.80
2011.04.26 13:26:22.337,1.82024,1.82067,1.20,1.20
2011.04.26 13:26:22.827,1.82022,1.82067,1.20,1.20
2011.04.26 13:26:25.250,1.81996,1.8205,1.20,1.80
2011.04.26 13:26:25.357,1.81988,1.82033,1.20,1.20
2011.04.26 13:26:26.268,1.81984,1.82033,1.20,1.20
2011.04.26 13:26:27.258,1.81984,1.82028,1.20,2.10
2011.04.26 13:26:27.368,1.81974,1.82021,1.20,1.80
2011.04.26 13:26:35.089,1.81971,1.82016,1.80,1.20
2011.04.26 13:26:35.637,1.81969,1.82015,1.80,1.20
2011.04.26 13:26:35.748,1.81969,1.82012,1.20,1.80
2011.04.26 13:26:35.858,1.81967,1.82012,1.20,1.80
2011.04.26 13:26:36.736,1.8196,1.82006,1.80,1.20
2011.04.26 13:26:36.851,1.81959,1.82004,1.20,1.80
2011.04.26 13:26:40.499,1.81959,1.82004,1.20,1.80
2011.04.26 13:26:40.609,1.81949,1.81995,1.20,1.80
2011.04.26 13:26:40.720,1.81956,1.82,1.20,1.80
2011.04.26 13:26:40.828,1.81954,1.82,1.20,1.80
2011.04.26 13:26:41.269,1.81953,1.82004,1.80,1.20
2011.04.26 13:26:41.378,1.81961,1.82005,1.20,1.80
2011.04.26 13:26:42.038,1.81953,1.82001,1.80,1.20
2011.04.26 13:26:42.341,1.81953,1.82003,1.80,1.20
2011.04.26 13:26:44.098,1.8196,1.82004,1.20,1.20
2011.04.26 13:26:44.918,1.81957,1.82002,1.80,1.20
2011.04.26 13:26:46.257,1.81957,1.82002,1.20,1.80
2011.04.26 13:26:46.730,1.81957,1.81996,1.20,2.10
2011.04.26 13:26:47.057,1.81945,1.81991,1.80,1.80
2011.04.26 13:26:49.458,1.8195,1.81992,2.10,1.20
2011.04.26 13:26:49.678,1.81954,1.81999,1.80,1.80
2011.04.26 13:26:49.790,1.81954,1.81999,1.20,3.30
2011.04.26 13:26:49.897,1.81943,1.81993,2.10,1.20
2011.04.26 13:26:50.117,1.81954,1.81999,1.20,1.80
2011.04.26 13:26:50.383,1.8195,1.81994,1.80,1.20
2011.04.26 13:26:55.088,1.81955,1.81998,1.20,1.20
2011.04.26 13:26:56.299,1.81959,1.82002,1.20,1.80
2011.04.26 13:26:56.630,1.81959,1.82006,1.80,1.80
2011.04.26 13:26:56.738,1.81964,1.82009,1.20,1.80
2011.04.26 13:26:57.308,1.81966,1.82012,1.20,1.80
2011.04.26 13:27:01.478,1.81961,1.82005,1.20,1.80
2011.04.26 13:27:02.138,1.81956,1.82,1.20,1.80
2011.04.26 13:27:02.688,1.81953,1.81998,1.20,1.80
2011.04.26 13:27:02.798,1.81953,1.81998,1.20,1.80
2011.04.26 13:27:03.128,1.81942,1.81986,1.80,1.20
2011.04.26 13:27:03.239,1.8193,1.81976,1.80,1.20
2011.04.26 13:27:03.568,1.81941,1.81987,1.80,1.80
2011.04.26 13:27:04.119,1.81946,1.81987,2.10,1.20
2011.04.26 13:27:04.228,1.8195,1.81993,1.80,1.20
2011.04.26 13:27:04.551,1.81945,1.81988,1.80,1.80
2011.04.26 13:27:04.877,1.81946,1.81989,1.20,2.10
2011.04.26 13:27:04.988,1.81933,1.81987,2.10,1.80
2011.04.26 13:27:05.209,1.81941,1.81993,2.10,1.80
2011.04.26 13:27:05.977,1.81942,1.81996,1.20,1.80
2011.04.26 13:27:08.109,1.81941,1.81994,1.20,1.80
2011.04.26 13:27:10.227,1.81935,1.8199,1.20,1.80
2011.04.26 13:27:10.337,1.81932,1.81988,1.20,1.80
2011.04.26 13:27:11.107,1.81927,1.81983,1.20,1.20
2011.04.26 13:27:11.218,1.81929,1.81984,1.20,1.80
2011.04.26 13:27:11.568,1.81928,1.81982,1.20,1.20
2011.04.26 13:27:14.031,1.81928,1.81978,1.20,2.10
2011.04.26 13:27:14.138,1.81912,1.81968,1.20,1.80
2011.04.26 13:27:14.358,1.8191,1.81966,1.20,1.80
2011.04.26 13:27:14.468,1.81907,1.81961,1.80,1.20
2011.04.26 13:27:17.181,1.81916,1.8197,1.20,1.80
2011.04.26 13:27:17.508,1.81919,1.81974,1.20,1.80
2011.04.26 13:27:17.618,1.81917,1.81971,1.20,1.80
2011.04.26 13:27:17.838,1.81919,1.81974,1.20,1.80
2011.04.26 13:27:20.598,1.8191,1.81966,1.20,1.80
2011.04.26 13:27:20.710,1.81908,1.81962,1.80,1.20
2011.04.26 13:27:25.588,1.81898,1.81952,1.80,1.20
2011.04.26 13:27:25.808,1.81902,1.81958,1.80,1.20
2011.04.26 13:27:25.919,1.81902,1.81958,1.20,1.80
2011.04.26 13:27:27.308,1.81905,1.81958,1.20,1.80
2011.04.26 13:27:28.988,1.81897,1.81953,1.20,1.20
2011.04.26 13:27:29.098,1.81905,1.81958,1.20,1.80
2011.04.26 13:27:34.167,1.81906,1.8196,1.20,1.80
2011.04.26 13:27:34.717,1.81907,1.81961,1.20,1.80
2011.04.26 13:27:35.048,1.81909,1.81964,1.20,1.80
2011.04.26 13:27:35.598,1.81908,1.81962,1.20,1.80
2011.04.26 13:27:36.289,1.81907,1.81961,1.20,1.80
2011.04.26 13:27:39.060,1.81904,1.81959,1.20,1.80
2011.04.26 13:27:40.068,1.81907,1.81961,1.20,1.80
2011.04.26 13:27:40.178,1.81904,1.81959,1.20,1.80
2011.04.26 13:27:40.289,1.81897,1.81941,1.20,1.20
2011.04.26 13:27:40.508,1.81885,1.8193,2.40,1.20
2011.04.26 13:27:40.618,1.81896,1.81942,1.20,1.20
2011.04.26 13:27:40.729,1.81896,1.81942,1.80,1.20
2011.04.26 13:27:47.888,1.819,1.81943,1.80,1.20
2011.04.26 13:27:48.437,1.819,1.81946,1.80,1.20
2011.04.26 13:27:52.318,1.81906,1.81946,2.10,1.20
2011.04.26 13:27:52.539,1.8191,1.81953,1.80,1.20
2011.04.26 13:28:11.707,1.81916,1.81953,2.10,1.20
2011.04.26 13:28:11.818,1.81916,1.81972,3.30,1.80
2011.04.26 13:28:12.147,1.81931,1.81977,1.20,1.80
2011.04.26 13:28:13.738,1.81952,1.81977,2.10,1.20
2011.04.26 13:28:14.069,1.81957,1.82002,1.80,1.20
2011.04.26 13:28:14.190,1.81957,1.82002,1.20,1.80
2011.04.26 13:28:14.517,1.8195,1.81996,1.80,1.20
2011.04.26 13:28:14.968,1.8195,1.81989,1.20,2.10
2011.04.26 13:28:15.078,1.81939,1.81985,1.80,1.80
2011.04.26 13:28:16.788,1.81939,1.81985,1.80,1.20
2011.04.26 13:28:16.898,1.8195,1.81996,1.20,1.80
2011.04.26 13:28:17.568,1.81952,1.81997,1.20,1.80
2011.04.26 13:28:19.698,1.81955,1.81999,1.20,1.80
2011.04.26 13:28:21.798,1.81953,1.81998,1.20,1.80
2011.04.26 13:28:26.403,1.8195,1.81994,1.20,1.80
2011.04.26 13:28:26.520,1.8195,1.8199,1.20,2.10
2011.04.26 13:28:26.630,1.81938,1.81983,1.80,1.80
2011.04.26 13:28:26.960,1.81941,1.81982,1.20,2.10
2011.04.26 13:28:27.069,1.81935,1.81979,1.80,1.80
2011.04.26 13:28:27.291,1.81945,1.81989,1.20,1.80
2011.04.26 13:28:27.948,1.81944,1.81987,1.20,1.80
2011.04.26 13:28:29.388,1.81942,1.81987,1.20,1.80
2011.04.26 13:28:29.720,1.81946,1.8199,1.20,1.80
2011.04.26 13:28:30.049,1.81934,1.8198,1.80,1.20
2011.04.26 13:28:30.388,1.81934,1.8198,1.80,1.80
2011.04.26 13:28:39.488,1.81933,1.81978,1.80,1.20
2011.04.26 13:28:39.707,1.81945,1.81989,1.20,1.80
2011.04.26 13:28:40.258,1.8195,1.81996,1.80,1.20
2011.04.26 13:28:40.367,1.81955,1.82001,1.20,1.80
2011.04.26 13:28:42.739,1.81964,1.82001,2.10,1.20
2011.04.26 13:28:42.849,1.81978,1.82019,1.20,2.10
2011.04.26 13:28:43.068,1.81968,1.82011,1.80,1.20
2011.04.26 13:28:43.177,1.81968,1.82009,1.20,2.10
2011.04.26 13:28:43.622,1.81973,1.82009,1.20,2.10
2011.04.26 13:28:45.687,1.81974,1.82009,1.20,2.10
2011.04.26 13:28:46.018,1.81985,1.82028,1.20,1.80
2011.04.26 13:28:46.898,1.81985,1.82021,1.20,2.10
2011.04.26 13:28:47.010,1.81969,1.8201,1.20,2.10
2011.04.26 13:28:48.549,1.81963,1.82008,1.80,1.80
2011.04.26 13:28:49.099,1.81963,1.82001,1.20,2.10
2011.04.26 13:28:49.448,1.81964,1.82001,1.20,2.10
2011.04.26 13:29:00.008,1.8196,1.82001,1.20,2.10
2011.04.26 13:29:01.000,1.81958,1.81997,1.20,2.10
2011.04.26 13:29:01.642,1.81949,1.81995,1.20,1.80
2011.04.26 13:29:01.858,1.81954,1.81999,1.20,2.10
2011.04.26 13:29:01.969,1.81949,1.81995,1.20,1.80
2011.04.26 13:29:02.550,1.81954,1.81999,1.20,2.10
2011.04.26 13:29:03.210,1.81953,1.81996,1.20,1.80
2011.04.26 13:29:05.258,1.81949,1.81995,1.20,1.80
2011.04.26 13:29:06.467,1.81949,1.81986,1.20,2.10
2011.04.26 13:29:07.019,1.81948,1.81991,1.80,1.20
2011.04.26 13:29:07.128,1.81945,1.81989,1.80,1.20
2011.04.26 13:29:07.428,1.81947,1.81992,1.80,1.20
2011.04.26 13:29:07.978,1.81949,1.81995,1.20,1.80
2011.04.26 13:29:08.508,1.81949,1.81992,1.20,2.10
2011.04.26 13:29:08.618,1.81938,1.81984,1.20,1.80
2011.04.26 13:29:14.738,1.81932,1.81977,1.80,1.20
2011.04.26 13:29:19.758,1.81934,1.8198,1.80,1.20
2011.04.26 13:29:19.979,1.81933,1.81978,1.20,1.80
2011.04.26 13:29:20.639,1.81932,1.81977,1.20,1.80
2011.04.26 13:29:23.438,1.81927,1.81972,1.80,1.20
2011.04.26 13:29:24.098,1.81929,1.81972,1.20,1.20
2011.04.26 13:29:24.319,1.81929,1.81972,1.20,1.80
2011.04.26 13:29:24.428,1.81924,1.8197,1.20,1.80
2011.04.26 13:29:24.538,1.81922,1.81965,1.20,1.20
2011.04.26 13:29:24.648,1.81922,1.81965,1.20,1.80
2011.04.26 13:29:25.292,1.8192,1.81964,1.20,1.80
2011.04.26 13:29:26.154,1.81918,1.81964,1.80,1.80
2011.04.26 13:29:26.266,1.81916,1.81956,1.20,2.10
2011.04.26 13:29:26.380,1.81913,1.81957,1.80,1.20
2011.04.26 13:29:26.490,1.81922,1.81965,1.20,1.80
2011.04.26 13:29:26.924,1.81928,1.81971,1.20,1.80
2011.04.26 13:29:27.150,1.81909,1.81955,1.20,1.80
2011.04.26 13:29:27.261,1.81915,1.81959,1.20,1.80
2011.04.26 13:29:27.588,1.81915,1.81959,1.80,1.20
2011.04.26 13:29:27.810,1.81917,1.81962,1.80,1.80
2011.04.26 13:29:29.337,1.81917,1.81962,1.20,1.80
2011.04.26 13:29:29.479,1.81917,1.81962,1.80,1.20
2011.04.26 13:29:29.587,1.81925,1.81968,1.20,1.80
2011.04.26 13:29:29.918,1.81928,1.81971,1.20,1.80
2011.04.26 13:29:30.250,1.81922,1.81967,1.20,3.30
2011.04.26 13:29:30.470,1.81914,1.8196,1.20,1.80
2011.04.26 13:29:32.677,1.81918,1.81961,1.20,1.80
2011.04.26 13:29:34.708,1.81917,1.81962,1.20,1.80
2011.04.26 13:29:35.037,1.81917,1.81962,1.20,1.20
2011.04.26 13:29:36.518,1.81909,1.81955,1.80,1.20
2011.04.26 13:29:36.628,1.81914,1.81958,1.80,1.20
2011.04.26 13:29:36.849,1.81914,1.8196,1.80,1.20
2011.04.26 13:29:37.987,1.81917,1.8196,1.20,1.20
2011.04.26 13:29:38.318,1.81918,1.81961,1.20,1.80
2011.04.26 13:29:38.538,1.81915,1.81959,1.20,1.80
2011.04.26 13:29:39.308,1.81918,1.81961,1.20,1.80
2011.04.26 13:29:40.929,1.81919,1.81963,1.20,1.80
2011.04.26 13:29:41.038,1.81919,1.81963,1.20,1.20
2011.04.26 13:29:45.021,1.8191,1.81954,1.20,1.80
2011.04.26 13:29:45.347,1.81906,1.81951,1.80,1.20
2011.04.26 13:29:45.679,1.81942,1.81964,2.10,1.20
2011.04.26 13:29:45.788,1.81942,1.81966,2.10,1.20
2011.04.26 13:29:46.011,1.81935,1.81987,1.20,1.20
2011.04.26 13:29:46.118,1.81935,1.81989,1.20,1.20
2011.04.26 13:29:46.751,1.81933,1.81989,1.80,1.20
2011.04.26 13:29:47.079,1.81932,1.81987,2.10,1.20
2011.04.26 13:29:47.190,1.81934,1.8199,1.80,1.20
2011.04.26 13:29:47.300,1.81932,1.81985,3.30,1.20
2011.04.26 13:29:48.299,1.81926,1.81981,1.80,1.20
2011.04.26 13:29:49.777,1.81935,1.81989,1.80,1.20
2011.04.26 13:29:49.887,1.81935,1.81989,1.80,1.20
2011.04.26 13:29:51.518,1.81933,1.81988,2.10,1.20
2011.04.26 13:29:51.848,1.81932,1.81985,1.80,1.20
2011.04.26 13:29:52.071,1.81924,1.81978,1.80,1.20
2011.04.26 13:29:52.399,1.81935,1.81989,2.10,2.40
2011.04.26 13:29:52.509,1.8194,1.81994,1.80,1.20
2011.04.26 13:29:52.619,1.81928,1.81984,1.80,1.20
2011.04.26 13:29:52.949,1.81925,1.81979,1.80,1.20
2011.04.26 13:29:53.499,1.81924,1.8198,3.30,1.20
2011.04.26 13:29:53.829,1.81924,1.81974,2.10,1.20
2011.04.26 13:29:53.937,1.81924,1.81978,2.10,1.20
2011.04.26 13:29:54.157,1.81924,1.81975,2.10,1.20
2011.04.26 13:29:55.628,1.81924,1.81978,3.30,1.20
2011.04.26 13:29:55.948,1.81924,1.81978,1.80,1.20
2011.04.26 13:29:56.062,1.8192,1.81975,1.80,1.20
2011.04.26 13:29:56.172,1.81916,1.81969,1.20,1.20
2011.04.26 13:30:00.279,1.81915,1.8197,1.20,1.20
2011.04.26 13:30:00.720,1.81913,1.81969,1.20,1.20
2011.04.26 13:30:01.050,1.81917,1.81973,1.20,1.20
2011.04.26 13:30:01.376,1.8192,1.81975,1.20,1.20
2011.04.26 13:30:02.826,1.81919,1.81973,1.20,1.20
2011.04.26 13:30:03.157,1.81916,1.81969,1.20,1.20
2011.04.26 13:30:03.269,1.81917,1.81973,1.20,1.20
2011.04.26 13:30:07.929,1.81913,1.81969,1.20,1.20
2011.04.26 13:30:08.478,1.81913,1.81967,1.20,1.20
2011.04.26 13:30:09.958,1.81912,1.81966,1.20,1.20
2011.04.26 13:30:11.517,1.81907,1.81963,1.20,1.20
2011.04.26 13:30:12.382,1.81901,1.81954,1.20,1.20
2011.04.26 13:30:12.710,1.81896,1.81949,1.80,1.20
2011.04.26 13:30:14.747,1.81897,1.81953,1.20,1.20
2011.04.26 13:30:17.890,1.81891,1.81944,1.80,1.20
2011.04.26 13:30:18.110,1.81892,1.8196,1.80,1.80
2011.04.26 13:30:18.219,1.81899,1.81964,1.20,1.80
2011.04.26 13:30:18.439,1.81907,1.81971,1.20,1.20
2011.04.26 13:30:18.549,1.81906,1.81959,1.20,1.20
2011.04.26 13:30:18.770,1.81903,1.81959,1.20,1.20
2011.04.26 13:30:18.880,1.81901,1.81957,1.20,1.20
2011.04.26 13:30:18.988,1.81902,1.81974,1.20,1.80
2011.04.26 13:30:19.868,1.81902,1.81968,1.20,1.20
2011.04.26 13:30:20.399,1.81896,1.81967,1.20,1.80
2011.04.26 13:30:20.508,1.81891,1.81967,1.20,3.00
2011.04.26 13:30:20.729,1.81886,1.81956,1.20,1.20
2011.04.26 13:30:21.607,1.81908,1.81955,1.20,1.20
2011.04.26 13:30:21.938,1.81923,1.8196,1.20,1.20
2011.04.26 13:30:22.048,1.81923,1.81968,1.20,2.40
2011.04.26 13:30:22.157,1.8192,1.81966,1.20,1.20
2011.04.26 13:30:22.599,1.81915,1.81961,1.20,1.20
2011.04.26 13:30:22.928,1.81919,1.81964,1.20,1.20
2011.04.26 13:30:23.371,1.81916,1.8196,1.20,1.20
2011.04.26 13:30:24.069,1.8192,1.81966,1.20,1.20
2011.04.26 13:30:24.181,1.81924,1.81967,1.20,1.20
2011.04.26 13:30:24.810,1.81912,1.81956,1.20,1.80
2011.04.26 13:30:26.858,1.81912,1.81943,1.20,2.10
2011.04.26 13:30:26.968,1.81888,1.81937,2.10,1.80
2011.04.26 13:30:29.789,1.81886,1.81942,1.20,1.80
2011.04.26 13:30:30.337,1.81885,1.8194,1.20,3.00
2011.04.26 13:30:31.709,1.81888,1.81941,1.20,1.80
2011.04.26 13:30:32.038,1.81896,1.81943,1.20,1.80
2011.04.26 13:30:32.147,1.81887,1.81933,1.20,1.20
2011.04.26 13:30:32.550,1.81871,1.81926,1.80,1.20
2011.04.26 13:30:32.666,1.81886,1.81929,1.20,1.20
2011.04.26 13:30:32.779,1.8189,1.81935,1.20,1.20
2011.04.26 13:30:33.001,1.8189,1.81935,1.80,1.20
2011.04.26 13:30:33.111,1.81893,1.81948,1.80,1.80
2011.04.26 13:30:34.779,1.81897,1.81951,1.20,1.80
2011.04.26 13:30:35.657,1.81893,1.81949,1.80,1.80
2011.04.26 13:30:36.368,1.81897,1.81951,1.20,1.80
2011.04.26 13:30:37.591,1.81892,1.81946,1.80,1.80
2011.04.26 13:30:37.702,1.81892,1.81946,1.20,1.80
2011.04.26 13:30:37.822,1.81886,1.81942,1.80,1.80
2011.04.26 13:30:38.159,1.81885,1.8194,1.20,3.30
2011.04.26 13:30:38.270,1.81883,1.81939,1.20,1.80
2011.04.26 13:30:38.488,1.81883,1.81937,1.80,1.20
2011.04.26 13:30:38.928,1.81883,1.81939,1.80,1.20
2011.04.26 13:30:39.479,1.81886,1.81942,1.20,1.20
2011.04.26 13:30:39.699,1.81889,1.81943,1.20,1.20
2011.04.26 13:30:40.669,1.81891,1.81944,1.20,1.20
2011.04.26 13:30:40.998,1.81888,1.81944,1.20,1.20
2011.04.26 13:30:41.159,1.81888,1.81944,1.80,1.20
2011.04.26 13:30:41.379,1.81893,1.81947,1.80,1.20
2011.04.26 13:30:41.487,1.81893,1.81949,1.80,1.20
2011.04.26 13:30:42.449,1.81892,1.81946,1.80,1.20
2011.04.26 13:30:42.999,1.81892,1.81946,1.20,3.00
2011.04.26 13:30:43.440,1.81896,1.81949,1.20,1.80
2011.04.26 13:30:43.768,1.81889,1.81943,1.20,1.80
2011.04.26 13:30:43.988,1.81892,1.81946,1.20,1.80
2011.04.26 13:30:44.209,1.81888,1.81944,1.20,1.80
2011.04.26 13:30:44.748,1.81891,1.81947,1.20,1.80
2011.04.26 13:30:45.077,1.81893,1.81947,1.20,1.80
2011.04.26 13:30:46.049,1.81885,1.81928,1.20,1.20
2011.04.26 13:30:46.728,1.81882,1.81926,1.20,1.20
2011.04.26 13:30:47.180,1.81881,1.81924,1.20,1.20
2011.04.26 13:30:47.399,1.81879,1.81924,1.20,1.20
2011.04.26 13:30:47.617,1.81888,1.81942,1.20,1.80
2011.04.26 13:30:47.947,1.81885,1.8194,1.20,1.80
2011.04.26 13:30:49.028,1.81886,1.81942,1.20,1.80
2011.04.26 13:30:49.358,1.81886,1.81942,1.80,1.20
2011.04.26 13:30:49.688,1.81886,1.81942,1.20,1.80
2011.04.26 13:30:55.398,1.81891,1.81944,1.20,1.80
2011.04.26 13:30:55.619,1.81896,1.81949,1.20,1.80
2011.04.26 13:30:55.838,1.81887,1.81933,1.20,1.20
2011.04.26 13:30:56.278,1.81885,1.8193,1.20,1.20
2011.04.26 13:30:59.396,1.81888,1.8193,2.10,1.20
2011.04.26 13:30:59.892,1.81888,1.81932,2.10,1.20
2011.04.26 13:31:00.001,1.81894,1.81948,1.80,1.80
2011.04.26 13:31:02.540,1.81943,1.8195,1.20,1.20
2011.04.26 13:31:02.648,1.81942,1.81952,1.20,1.20
2011.04.26 13:31:02.759,1.8191,1.81952,1.05,1.20
2011.04.26 13:31:02.868,1.81903,1.81948,2.10,1.20
2011.04.26 13:31:02.981,1.81897,1.81948,2.10,1.80
2011.04.26 13:31:04.248,1.81922,1.81948,2.10,1.20
2011.04.26 13:31:04.359,1.81941,1.81969,1.20,1.20
2011.04.26 13:31:04.797,1.81941,1.81987,1.20,1.20
2011.04.26 13:31:04.909,1.81953,1.81998,1.80,1.20
2011.04.26 13:31:05.458,1.81962,1.81998,2.10,1.20
2011.04.26 13:31:05.787,1.81962,1.82005,2.10,1.20
2011.04.26 13:31:05.898,1.81964,1.82009,1.80,1.20
2011.04.26 13:31:06.118,1.81962,1.82006,2.10,1.20
2011.04.26 13:31:06.678,1.81962,1.82005,2.10,1.20
2011.04.26 13:31:07.228,1.81962,1.82006,2.10,1.20
2011.04.26 13:31:07.924,1.81962,1.82004,2.10,1.20
2011.04.26 13:31:09.792,1.81959,1.82004,1.80,1.20
2011.04.26 13:31:09.901,1.81966,1.82019,1.80,1.80
2011.04.26 13:31:10.011,1.81966,1.82012,1.20,2.10
2011.04.26 13:31:10.119,1.81958,1.82003,1.80,1.20
2011.04.26 13:31:10.668,1.81959,1.82004,1.80,1.80
2011.04.26 13:31:11.959,1.81963,1.82004,2.10,1.20
2011.04.26 13:31:12.288,1.8197,1.82014,1.80,1.20
2011.04.26 13:31:12.397,1.81966,1.8202,1.80,1.20
2011.04.26 13:31:12.729,1.81965,1.82019,1.80,1.80
2011.04.26 13:31:14.169,1.81957,1.82008,2.10,1.20
2011.04.26 13:31:14.279,1.81951,1.82005,1.80,1.80
2011.04.26 13:31:15.560,1.81954,1.82005,2.10,1.20
2011.04.26 13:31:15.668,1.81975,1.82021,1.20,1.20
2011.04.26 13:31:16.001,1.81964,1.82028,1.20,1.80
2011.04.26 13:31:16.108,1.81964,1.82005,1.20,1.20
2011.04.26 13:31:16.538,1.8196,1.82005,1.20,1.20
2011.04.26 13:31:16.757,1.81956,1.81999,1.20,1.20
2011.04.26 13:31:17.310,1.81952,1.81995,1.20,1.20
2011.04.26 13:31:17.418,1.81949,1.81993,1.20,1.20
2011.04.26 13:31:18.220,1.8195,1.81993,2.10,1.20
2011.04.26 13:31:18.438,1.81957,1.82013,1.80,3.30
2011.04.26 13:31:19.639,1.81955,1.8201,1.20,1.80
2011.04.26 13:31:19.749,1.81953,1.82007,1.20,1.80
2011.04.26 13:31:19.968,1.81946,1.82002,1.20,1.80
2011.04.26 13:31:21.340,1.81946,1.82002,1.20,1.80
2011.04.26 13:31:21.558,1.81943,1.81997,1.20,1.80
2011.04.26 13:31:22.149,1.81938,1.81992,1.20,1.80
2011.04.26 13:31:23.008,1.81941,1.81997,1.20,1.80
2011.04.26 13:31:23.449,1.81938,1.81992,1.20,1.80
2011.04.26 13:31:23.558,1.81936,1.81989,1.20,1.80
2011.04.26 13:31:24.658,1.81932,1.81988,1.20,1.20
2011.04.26 13:31:24.878,1.81936,1.81989,1.20,1.80
2011.04.26 13:31:25.378,1.81933,1.81989,1.20,1.80
2011.04.26 13:31:31.928,1.81936,1.81989,1.20,1.80
2011.04.26 13:31:32.370,1.81938,1.81982,1.20,1.20
2011.04.26 13:31:33.030,1.81922,1.81978,1.80,1.20
2011.04.26 13:31:33.578,1.81927,1.81983,1.80,1.20
2011.04.26 13:31:34.130,1.81931,1.81986,1.80,1.20
2011.04.26 13:31:34.349,1.81937,1.8199,1.80,1.20
2011.04.26 13:31:34.459,1.81932,1.81988,1.80,1.20
2011.04.26 13:31:34.569,1.81936,1.81991,1.80,1.20
2011.04.26 13:31:34.679,1.81929,1.81983,1.80,1.20
2011.04.26 13:31:34.788,1.81933,1.81987,1.80,1.20
2011.04.26 13:31:35.780,1.81933,1.81987,1.20,1.80
2011.04.26 13:31:35.998,1.81927,1.81983,1.20,1.20
2011.04.26 13:31:36.218,1.81925,1.81979,1.80,1.20
2011.04.26 13:31:36.988,1.81929,1.81983,1.20,1.20
2011.04.26 13:31:37.318,1.81923,1.81977,1.80,1.20
2011.04.26 13:31:38.933,1.81923,1.81977,1.20,1.80
2011.04.26 13:31:39.038,1.8192,1.81974,1.20,1.80
2011.04.26 13:31:39.148,1.81915,1.81969,1.20,1.20
2011.04.26 13:31:40.140,1.81911,1.81966,1.20,1.20
