2015.05.15 07:00:00.290,1.52733,1.52769,1.00,1.20
2015.05.15 07:00:00.391,1.52723,1.52769,1.00,1.00
2015.05.15 07:00:00.546,1.52723,1.52769,1.37,1.00
2015.05.15 07:00:00.597,1.52723,1.52776,2.62,1.00
2015.05.15 07:00:00.649,1.52734,1.52776,1.00,1.00
2015.05.15 07:00:00.800,1.52734,1.52783,1.00,1.00
2015.05.15 07:00:00.851,1.52754,1.52783,1.00,1.00
2015.05.15 07:00:01.052,1.52744,1.52783,1.00,1.00
2015.05.15 07:00:01.596,1.52744,1.52787,1.00,1.27
2015.05.15 07:00:02.139,1.52743,1.52788,1.00,2.25
2015.05.15 07:00:02.304,1.52744,1.52788,1.00,1.12
2015.05.15 07:00:02.405,1.52754,1.52788,1.00,1.00
2015.05.15 07:00:02.456,1.52754,1.52794,1.00,1.27
2015.05.15 07:00:02.557,1.5276,1.52802,1.00,1.00
2015.05.15 07:00:02.608,1.52773,1.5281,1.00,1.00
2015.05.15 07:00:02.943,1.52783,1.5282,1.00,1.75
2015.05.15 07:00:03.195,1.52774,1.52811,1.00,1.00
2015.05.15 07:00:03.296,1.52774,1.52809,1.00,1.37
2015.05.15 07:00:03.631,1.52753,1.528,1.00,1.52
2015.05.15 07:00:03.935,1.52753,1.52795,1.00,1.00
2015.05.15 07:00:04.036,1.52753,1.52797,1.00,1.00
2015.05.15 07:00:04.137,1.52764,1.52799,1.00,1.27
2015.05.15 07:00:04.288,1.52763,1.52807,1.00,1.00
2015.05.15 07:00:04.543,1.52763,1.52814,1.00,2.02
2015.05.15 07:00:04.594,1.52765,1.52814,1.00,1.27
2015.05.15 07:00:04.796,1.52763,1.52812,1.00,1.12
2015.05.15 07:00:04.904,1.52763,1.52804,1.00,1.00
2015.05.15 07:00:05.176,1.52763,1.52808,1.00,1.50
2015.05.15 07:00:05.721,1.52764,1.52807,1.00,1.12
2015.05.15 07:00:05.823,1.52754,1.52805,1.00,1.00
2015.05.15 07:00:05.873,1.52754,1.528,1.00,1.00
2015.05.15 07:00:06.025,1.52747,1.52795,1.37,1.00
2015.05.15 07:00:06.123,1.52764,1.52795,1.00,1.50
2015.05.15 07:00:06.224,1.52764,1.52801,1.00,1.00
2015.05.15 07:00:06.378,1.52754,1.52801,1.00,1.00
2015.05.15 07:00:06.479,1.52763,1.52807,1.00,2.25
2015.05.15 07:00:06.530,1.52763,1.52812,1.00,1.50
2015.05.15 07:00:06.581,1.52764,1.52808,1.00,1.00
2015.05.15 07:00:06.682,1.52755,1.52808,1.00,2.25
2015.05.15 07:00:06.733,1.52754,1.52803,1.00,1.00
2015.05.15 07:00:07.083,1.52764,1.52801,1.00,1.00
2015.05.15 07:00:07.486,1.52763,1.52798,1.00,1.37
2015.05.15 07:00:07.638,1.52764,1.52802,1.00,1.50
2015.05.15 07:00:07.875,1.52754,1.52802,1.00,2.25
2015.05.15 07:00:08.234,1.52763,1.52802,1.00,1.50
2015.05.15 07:00:08.553,1.52753,1.52802,1.12,1.50
2015.05.15 07:00:08.782,1.52764,1.52805,1.00,1.75
2015.05.15 07:00:09.301,1.52763,1.52805,1.00,1.75
2015.05.15 07:00:09.756,1.52774,1.52805,1.00,1.75
2015.05.15 07:00:09.857,1.52763,1.52805,1.00,1.75
2015.05.15 07:00:10.009,1.52764,1.52801,1.00,3.37
2015.05.15 07:00:10.211,1.52753,1.52793,1.00,1.12
2015.05.15 07:00:10.362,1.52753,1.52799,1.00,1.87
2015.05.15 07:00:10.413,1.52764,1.52798,1.00,1.50
2015.05.15 07:00:10.637,1.52754,1.52798,1.00,1.50
2015.05.15 07:00:10.838,1.52753,1.528,1.00,1.00
2015.05.15 07:00:10.889,1.52763,1.528,1.00,1.00
2015.05.15 07:00:10.990,1.52763,1.52807,1.00,1.37
2015.05.15 07:00:11.091,1.52754,1.52807,1.00,1.37
2015.05.15 07:00:11.192,1.52754,1.52801,1.00,1.00
2015.05.15 07:00:11.535,1.52763,1.52801,1.00,1.00
2015.05.15 07:00:11.686,1.52764,1.52806,1.00,1.00
2015.05.15 07:00:11.788,1.52764,1.52804,1.00,1.00
2015.05.15 07:00:11.947,1.52763,1.52807,1.00,1.37
2015.05.15 07:00:12.329,1.52774,1.52805,1.00,1.00
2015.05.15 07:00:12.481,1.52774,1.52811,1.00,1.87
2015.05.15 07:00:12.633,1.52763,1.52811,1.00,1.12
2015.05.15 07:00:12.835,1.52774,1.52811,1.00,1.12
2015.05.15 07:00:13.594,1.52773,1.52811,1.00,1.12
2015.05.15 07:00:14.126,1.52774,1.52811,1.00,1.12
2015.05.15 07:00:14.414,1.52764,1.52811,1.00,1.50
2015.05.15 07:00:14.516,1.52764,1.5281,1.00,1.75
2015.05.15 07:00:14.820,1.52764,1.52803,1.00,1.00
2015.05.15 07:00:14.921,1.52753,1.52803,1.00,1.00
2015.05.15 07:00:15.022,1.52753,1.52803,1.00,1.37
2015.05.15 07:00:15.559,1.52754,1.52801,1.00,1.50
2015.05.15 07:00:15.943,1.52753,1.52796,1.00,1.00
2015.05.15 07:00:16.184,1.52754,1.52798,1.00,1.50
2015.05.15 07:00:16.235,1.52754,1.52797,1.00,1.75
2015.05.15 07:00:16.487,1.52744,1.52794,1.00,1.00
2015.05.15 07:00:16.538,1.52744,1.52798,1.00,1.87
2015.05.15 07:00:16.739,1.52744,1.5279,1.00,1.00
2015.05.15 07:00:17.090,1.52744,1.52793,1.00,1.00
2015.05.15 07:00:17.265,1.52744,1.52796,1.00,1.00
2015.05.15 07:00:17.575,1.52743,1.52793,1.50,1.00
2015.05.15 07:00:17.724,1.52743,1.52796,1.50,1.50
2015.05.15 07:00:17.876,1.52744,1.52796,1.50,1.00
2015.05.15 07:00:17.977,1.52748,1.52803,1.00,1.00
2015.05.15 07:00:18.028,1.52763,1.52803,1.00,1.00
2015.05.15 07:00:18.230,1.52754,1.52801,1.00,1.37
2015.05.15 07:00:18.281,1.52754,1.52803,1.00,1.00
2015.05.15 07:00:18.331,1.52763,1.52803,1.00,1.00
2015.05.15 07:00:18.836,1.52764,1.52803,1.00,1.00
2015.05.15 07:00:19.105,1.52753,1.52801,1.00,1.00
2015.05.15 07:00:19.156,1.52753,1.52799,1.00,1.75
2015.05.15 07:00:19.424,1.52743,1.52796,1.50,1.50
2015.05.15 07:00:19.872,1.52754,1.52796,1.00,1.50
2015.05.15 07:00:20.413,1.52754,1.52796,1.00,1.00
2015.05.15 07:00:20.720,1.52763,1.52796,1.00,1.00
2015.05.15 07:00:21.023,1.52763,1.52802,1.00,1.00
2015.05.15 07:00:21.302,1.52754,1.52802,1.00,1.00
2015.05.15 07:00:21.353,1.52757,1.52807,1.00,1.50
2015.05.15 07:00:21.454,1.5276,1.52811,1.00,1.00
2015.05.15 07:00:21.555,1.52764,1.52813,1.00,1.00
2015.05.15 07:00:21.858,1.52774,1.52819,1.00,1.87
2015.05.15 07:00:22.204,1.52773,1.52813,1.00,1.00
2015.05.15 07:00:22.406,1.52764,1.52812,1.00,1.00
2015.05.15 07:00:22.508,1.52773,1.52814,1.00,1.12
2015.05.15 07:00:22.659,1.52764,1.52813,1.00,1.37
2015.05.15 07:00:23.202,1.52774,1.5281,1.00,1.50
2015.05.15 07:00:23.382,1.52763,1.5281,1.00,1.50
2015.05.15 07:00:23.827,1.52773,1.5281,1.00,1.00
2015.05.15 07:00:26.323,1.52773,1.52817,1.00,1.87
2015.05.15 07:00:26.424,1.52779,1.52821,1.75,1.75
2015.05.15 07:00:26.525,1.52804,1.5284,1.00,1.12
2015.05.15 07:00:26.576,1.52786,1.52841,1.12,1.87
2015.05.15 07:00:26.627,1.52786,1.52841,1.00,1.75
2015.05.15 07:00:26.677,1.5278,1.52831,2.25,1.27
2015.05.15 07:00:26.981,1.52784,1.52821,1.00,1.12
2015.05.15 07:00:27.352,1.52783,1.52821,1.00,1.37
2015.05.15 07:00:27.604,1.52774,1.52819,1.00,1.75
2015.05.15 07:00:28.090,1.52773,1.52821,1.00,1.00
2015.05.15 07:00:28.594,1.52776,1.52828,1.00,1.50
2015.05.15 07:00:28.696,1.52779,1.52828,1.00,1.00
2015.05.15 07:00:29.031,1.52804,1.52841,1.00,1.75
2015.05.15 07:00:29.132,1.52794,1.52837,1.00,1.75
2015.05.15 07:00:29.233,1.52794,1.52837,1.00,1.87
2015.05.15 07:00:29.335,1.52804,1.52837,1.00,1.87
2015.05.15 07:00:29.436,1.52804,1.52837,1.00,1.50
2015.05.15 07:00:29.537,1.52804,1.52837,1.00,1.87
2015.05.15 07:00:29.888,1.52794,1.52837,1.00,2.25
2015.05.15 07:00:29.939,1.52794,1.52832,1.00,1.75
2015.05.15 07:00:30.443,1.52794,1.52829,1.00,1.12
2015.05.15 07:00:31.173,1.52794,1.52828,1.00,1.12
2015.05.15 07:00:31.274,1.52794,1.52829,1.00,1.12
2015.05.15 07:00:31.325,1.52784,1.52829,1.00,1.12
2015.05.15 07:00:31.426,1.52784,1.52828,1.00,1.00
2015.05.15 07:00:31.566,1.52784,1.52831,1.00,1.87
2015.05.15 07:00:31.869,1.52794,1.5283,1.00,1.75
2015.05.15 07:00:32.042,1.52794,1.52829,1.00,1.00
2015.05.15 07:00:32.093,1.52793,1.52832,1.00,1.00
2015.05.15 07:00:32.195,1.52784,1.52832,1.00,1.00
2015.05.15 07:00:32.367,1.52785,1.5284,1.00,1.50
2015.05.15 07:00:32.417,1.52793,1.5284,1.00,2.25
2015.05.15 07:00:32.518,1.52785,1.5284,1.00,1.50
2015.05.15 07:00:32.619,1.52794,1.5284,1.00,1.50
2015.05.15 07:00:32.871,1.52785,1.5284,1.00,1.50
2015.05.15 07:00:33.413,1.52793,1.5284,1.00,1.00
2015.05.15 07:00:34.013,1.52794,1.5284,1.00,1.37
2015.05.15 07:00:34.063,1.52785,1.5284,1.50,1.37
2015.05.15 07:00:34.366,1.52793,1.5284,1.00,1.37
2015.05.15 07:00:34.669,1.52793,1.5284,1.00,1.37
2015.05.15 07:00:34.720,1.52793,1.5284,1.00,1.37
2015.05.15 07:00:35.401,1.52794,1.5284,1.00,1.37
2015.05.15 07:00:35.822,1.5278,1.52835,2.25,1.37
2015.05.15 07:00:35.924,1.52804,1.52838,1.00,1.12
2015.05.15 07:00:36.236,1.52803,1.52836,1.00,1.00
2015.05.15 07:00:36.381,1.52794,1.52836,1.00,1.87
2015.05.15 07:00:36.588,1.52804,1.52836,1.00,1.87
2015.05.15 07:00:36.938,1.52794,1.5283,1.00,1.37
2015.05.15 07:00:37.039,1.52783,1.5283,1.00,1.87
2015.05.15 07:00:37.382,1.52794,1.52825,1.00,1.50
2015.05.15 07:00:39.109,1.52794,1.52826,1.00,1.75
2015.05.15 07:00:39.974,1.52784,1.52826,1.00,1.75
2015.05.15 07:00:40.492,1.52784,1.52825,1.00,1.12
2015.05.15 07:00:40.853,1.52793,1.52825,1.00,1.12
2015.05.15 07:00:40.992,1.52784,1.52825,1.00,1.12
2015.05.15 07:00:41.043,1.52784,1.52824,1.00,1.12
2015.05.15 07:00:41.362,1.52784,1.52819,1.00,1.12
2015.05.15 07:00:41.539,1.52783,1.52821,1.00,1.87
2015.05.15 07:00:41.640,1.52794,1.52819,1.00,1.00
2015.05.15 07:00:41.691,1.52794,1.52825,1.00,1.35
2015.05.15 07:00:41.893,1.52784,1.52832,1.37,1.75
2015.05.15 07:00:41.944,1.52784,1.52832,1.00,1.37
2015.05.15 07:00:42.146,1.52784,1.52836,1.87,1.12
2015.05.15 07:00:42.196,1.52794,1.52836,1.00,1.12
2015.05.15 07:00:42.534,1.52794,1.5283,1.00,1.37
2015.05.15 07:00:42.752,1.52783,1.5283,1.00,1.37
2015.05.15 07:00:43.270,1.52783,1.52825,1.00,1.00
2015.05.15 07:00:43.321,1.52783,1.5283,1.00,1.37
2015.05.15 07:00:43.422,1.52783,1.5283,1.00,1.00
2015.05.15 07:00:43.576,1.52804,1.52834,1.00,1.00
2015.05.15 07:00:43.678,1.52804,1.52836,1.00,1.00
2015.05.15 07:00:43.779,1.52804,1.52831,1.00,1.00
2015.05.15 07:00:43.829,1.52794,1.5283,1.00,1.00
2015.05.15 07:00:43.981,1.52784,1.5283,1.00,1.00
2015.05.15 07:00:44.133,1.52784,1.52824,1.00,1.37
2015.05.15 07:00:44.444,1.52784,1.52826,1.00,2.25
2015.05.15 07:00:44.495,1.52784,1.52826,1.00,1.12
2015.05.15 07:00:45.052,1.52783,1.52826,1.00,1.12
2015.05.15 07:00:46.365,1.52784,1.5283,1.00,2.25
2015.05.15 07:00:46.886,1.52783,1.52826,1.00,1.12
2015.05.15 07:00:47.426,1.52779,1.5283,1.75,1.75
2015.05.15 07:00:47.733,1.52793,1.52834,1.00,1.87
2015.05.15 07:00:48.086,1.52793,1.52834,1.00,1.87
2015.05.15 07:00:48.188,1.52794,1.52834,1.00,1.50
2015.05.15 07:00:48.289,1.52794,1.52833,1.00,1.12
2015.05.15 07:00:48.592,1.52794,1.52826,1.00,1.12
2015.05.15 07:00:49.295,1.52794,1.52831,1.00,1.75
2015.05.15 07:00:49.346,1.52783,1.52831,1.00,1.75
2015.05.15 07:00:49.396,1.52783,1.52831,1.50,1.75
2015.05.15 07:00:49.732,1.52794,1.52834,1.00,1.50
2015.05.15 07:00:50.256,1.52794,1.52832,1.00,1.12
2015.05.15 07:00:50.559,1.52794,1.52826,1.00,1.37
2015.05.15 07:00:51.892,1.52783,1.52826,1.00,1.37
2015.05.15 07:00:51.993,1.52794,1.52826,1.00,1.37
2015.05.15 07:00:52.666,1.52783,1.52825,1.00,1.00
2015.05.15 07:00:53.022,1.52784,1.52833,1.37,1.12
2015.05.15 07:00:53.073,1.52794,1.52831,1.00,1.37
2015.05.15 07:00:53.325,1.52783,1.52825,1.60,1.00
2015.05.15 07:00:53.375,1.52783,1.52825,1.00,1.12
2015.05.15 07:00:53.476,1.52783,1.5282,1.00,1.00
2015.05.15 07:00:53.527,1.52784,1.52814,1.00,1.75
2015.05.15 07:00:53.628,1.52774,1.52814,1.00,1.75
2015.05.15 07:00:53.729,1.52774,1.52809,1.00,1.37
2015.05.15 07:00:53.881,1.52764,1.52808,1.00,2.25
2015.05.15 07:00:54.186,1.52774,1.52808,1.00,2.25
2015.05.15 07:00:54.388,1.52764,1.52807,1.12,1.00
2015.05.15 07:00:54.542,1.52774,1.5281,1.00,1.00
2015.05.15 07:00:54.643,1.52774,1.52814,1.00,1.00
2015.05.15 07:00:55.176,1.52783,1.52814,1.00,1.00
2015.05.15 07:00:55.403,1.52773,1.52814,1.00,1.00
2015.05.15 07:00:55.942,1.52784,1.52819,1.00,1.37
2015.05.15 07:00:55.992,1.52784,1.52821,1.00,1.50
2015.05.15 07:00:56.482,1.52784,1.52827,1.00,1.87
2015.05.15 07:00:56.733,1.52784,1.52827,1.00,1.87
2015.05.15 07:00:56.835,1.52774,1.52827,1.00,1.87
2015.05.15 07:00:57.284,1.52773,1.52826,1.37,1.37
2015.05.15 07:00:57.836,1.52774,1.52826,1.00,1.12
2015.05.15 07:00:58.356,1.52774,1.52821,1.00,1.50
2015.05.15 07:00:58.835,1.52773,1.52821,1.00,1.50
2015.05.15 07:01:00.011,1.52773,1.52821,1.00,1.50
2015.05.15 07:01:00.349,1.52774,1.52816,1.00,1.87
2015.05.15 07:01:01.414,1.52774,1.52816,1.00,1.37
2015.05.15 07:01:01.566,1.52764,1.52816,1.87,1.37
2015.05.15 07:01:01.667,1.52764,1.52816,1.87,1.50
2015.05.15 07:01:02.410,1.52764,1.52816,1.87,1.37
2015.05.15 07:01:02.712,1.52764,1.52816,2.25,1.75
2015.05.15 07:01:03.106,1.52773,1.52816,1.00,1.75
2015.05.15 07:01:03.663,1.52773,1.52816,1.00,1.75
2015.05.15 07:01:03.977,1.52764,1.52816,2.25,1.75
2015.05.15 07:01:04.128,1.52764,1.52816,1.37,1.75
2015.05.15 07:01:04.633,1.52764,1.52816,1.50,1.75
2015.05.15 07:01:04.734,1.52764,1.52816,1.75,1.50
2015.05.15 07:01:05.071,1.52774,1.52816,1.00,1.50
2015.05.15 07:01:05.831,1.52774,1.52816,1.12,1.37
2015.05.15 07:01:06.333,1.52774,1.52816,1.00,1.50
2015.05.15 07:01:06.875,1.52774,1.52816,1.00,1.37
2015.05.15 07:01:07.256,1.52774,1.52816,1.00,1.37
2015.05.15 07:01:07.457,1.52774,1.52821,1.12,1.87
2015.05.15 07:01:07.558,1.52774,1.52822,1.37,1.87
2015.05.15 07:01:07.861,1.52775,1.52826,1.75,1.37
2015.05.15 07:01:07.962,1.52784,1.52826,1.00,1.37
2015.05.15 07:01:08.302,1.52784,1.52826,1.00,2.25
2015.05.15 07:01:08.403,1.52774,1.52821,1.00,1.50
2015.05.15 07:01:08.907,1.52774,1.52821,1.00,1.12
2015.05.15 07:01:09.449,1.52774,1.52821,1.00,1.37
2015.05.15 07:01:09.500,1.52783,1.52821,1.00,1.37
2015.05.15 07:01:10.772,1.52784,1.52821,1.00,1.37
2015.05.15 07:01:11.679,1.52783,1.52821,1.00,1.37
2015.05.15 07:01:12.202,1.52773,1.52821,1.00,1.37
2015.05.15 07:01:13.083,1.52784,1.52821,1.00,1.37
2015.05.15 07:01:13.404,1.52784,1.52816,1.00,1.75
2015.05.15 07:01:13.454,1.52773,1.52816,1.00,1.75
2015.05.15 07:01:13.506,1.52773,1.52816,1.00,1.75
2015.05.15 07:01:13.607,1.52773,1.52816,1.00,1.37
2015.05.15 07:01:14.324,1.52774,1.52819,1.00,1.75
2015.05.15 07:01:14.593,1.52774,1.52821,1.00,1.87
2015.05.15 07:01:14.787,1.52774,1.52823,1.37,1.75
2015.05.15 07:01:15.089,1.52783,1.52826,1.00,1.12
2015.05.15 07:01:15.190,1.52784,1.52827,1.00,1.75
2015.05.15 07:01:15.392,1.52784,1.52829,1.00,1.37
2015.05.15 07:01:15.494,1.52784,1.52829,1.00,1.37
2015.05.15 07:01:16.738,1.52783,1.52834,1.75,1.50
2015.05.15 07:01:16.939,1.52783,1.52832,1.37,1.75
2015.05.15 07:01:17.041,1.52783,1.52831,1.00,1.37
2015.05.15 07:01:17.741,1.52784,1.52833,1.37,1.12
2015.05.15 07:01:18.045,1.52784,1.52831,1.00,1.75
2015.05.15 07:01:18.252,1.52784,1.52831,1.12,1.37
2015.05.15 07:01:18.353,1.52784,1.52834,2.62,1.50
2015.05.15 07:01:18.432,1.52784,1.52834,1.50,1.50
2015.05.15 07:01:18.583,1.52793,1.52836,1.00,1.12
2015.05.15 07:01:18.634,1.52793,1.52836,1.00,1.12
2015.05.15 07:01:18.792,1.52785,1.52837,1.00,1.50
2015.05.15 07:01:18.843,1.52784,1.52837,1.37,1.37
2015.05.15 07:01:18.894,1.52786,1.52834,1.00,1.37
2015.05.15 07:01:19.045,1.52787,1.52837,1.12,1.00
2015.05.15 07:01:19.197,1.52789,1.52842,1.00,1.00
2015.05.15 07:01:19.345,1.52794,1.52842,1.00,1.00
2015.05.15 07:01:21.424,1.52794,1.52842,1.00,1.37
2015.05.15 07:01:21.840,1.52794,1.52842,1.00,1.87
2015.05.15 07:01:22.143,1.52794,1.52836,1.00,1.12
2015.05.15 07:01:22.193,1.52794,1.52835,1.00,1.00
2015.05.15 07:01:22.481,1.52793,1.52837,1.00,1.12
2015.05.15 07:01:22.984,1.52793,1.52837,1.00,1.37
2015.05.15 07:01:23.366,1.52793,1.52837,1.00,1.12
2015.05.15 07:01:24.875,1.52793,1.52836,1.00,1.37
2015.05.15 07:01:25.178,1.52794,1.52836,1.00,1.75
2015.05.15 07:01:25.590,1.52794,1.52836,1.00,1.37
2015.05.15 07:01:26.170,1.52794,1.52835,1.00,1.75
2015.05.15 07:01:26.703,1.52794,1.52831,1.00,1.37
2015.05.15 07:01:26.855,1.52787,1.52831,1.00,1.37
2015.05.15 07:01:27.045,1.52793,1.52833,1.00,1.12
2015.05.15 07:01:27.146,1.52793,1.52836,1.00,1.12
2015.05.15 07:01:27.526,1.52794,1.52835,1.00,1.37
2015.05.15 07:01:27.929,1.52793,1.52832,1.00,1.37
2015.05.15 07:01:28.239,1.52793,1.52832,1.00,1.12
2015.05.15 07:01:28.441,1.52794,1.52837,1.00,1.87
2015.05.15 07:01:28.946,1.52794,1.52837,1.00,1.50
2015.05.15 07:01:29.047,1.52793,1.52837,1.00,1.75
2015.05.15 07:01:29.579,1.52794,1.52837,1.00,1.37
2015.05.15 07:01:29.730,1.52794,1.52842,1.12,1.37
2015.05.15 07:01:29.831,1.52794,1.52842,1.37,1.00
2015.05.15 07:01:29.932,1.52799,1.52842,1.00,1.00
2015.05.15 07:01:29.983,1.52799,1.52847,1.00,1.50
2015.05.15 07:01:30.248,1.52803,1.52847,1.00,1.50
2015.05.15 07:01:30.776,1.52803,1.52847,1.00,1.50
2015.05.15 07:01:31.300,1.52804,1.52847,1.00,1.50
2015.05.15 07:01:31.660,1.52814,1.52847,1.00,1.50
2015.05.15 07:01:31.862,1.52814,1.52853,1.00,1.87
2015.05.15 07:01:31.963,1.52804,1.52853,1.00,1.87
2015.05.15 07:01:32.130,1.52809,1.52853,1.00,1.37
2015.05.15 07:01:32.180,1.52809,1.52859,1.50,1.37
2015.05.15 07:01:32.382,1.52809,1.5286,1.12,1.37
2015.05.15 07:01:32.792,1.52809,1.5286,1.37,1.37
2015.05.15 07:01:33.291,1.52812,1.5286,1.12,1.37
2015.05.15 07:01:33.392,1.52814,1.5286,1.50,1.37
2015.05.15 07:01:33.493,1.52814,1.5286,1.50,1.37
2015.05.15 07:01:33.594,1.52814,1.5286,1.50,1.37
2015.05.15 07:01:36.602,1.52814,1.52863,1.00,1.37
2015.05.15 07:01:37.304,1.52814,1.52861,1.00,1.50
2015.05.15 07:01:37.506,1.52806,1.52857,1.50,1.12
2015.05.15 07:01:37.682,1.52806,1.52858,1.50,1.75
2015.05.15 07:01:38.005,1.5281,1.52858,1.87,1.37
2015.05.15 07:01:38.106,1.52815,1.52865,1.00,1.75
2015.05.15 07:01:38.207,1.52814,1.52865,1.37,1.75
2015.05.15 07:01:38.310,1.52814,1.52865,1.37,1.75
2015.05.15 07:01:38.840,1.52814,1.52862,1.12,1.75
2015.05.15 07:01:39.042,1.52821,1.52871,1.75,1.37
2015.05.15 07:01:39.194,1.5282,1.52871,1.12,1.37
2015.05.15 07:01:39.245,1.52819,1.52871,1.75,1.00
2015.05.15 07:01:39.346,1.52823,1.52876,1.00,1.00
2015.05.15 07:01:39.591,1.52824,1.52876,1.50,1.00
2015.05.15 07:01:40.115,1.52824,1.52875,1.87,1.50
2015.05.15 07:01:40.466,1.52824,1.52876,1.12,1.37
2015.05.15 07:01:40.922,1.52826,1.52876,1.00,1.75
2015.05.15 07:01:43.090,1.52823,1.52876,1.50,2.25
2015.05.15 07:01:43.377,1.52823,1.52872,1.00,1.75
2015.05.15 07:01:43.478,1.52823,1.52872,1.00,1.50
2015.05.15 07:01:43.579,1.52823,1.52872,1.00,1.75
2015.05.15 07:01:43.680,1.52817,1.52872,1.50,1.75
2015.05.15 07:01:44.210,1.52816,1.52865,1.00,1.37
2015.05.15 07:01:44.570,1.52822,1.52871,1.00,1.00
2015.05.15 07:01:44.671,1.52829,1.52871,1.37,1.00
2015.05.15 07:01:44.721,1.52829,1.52876,1.37,1.37
2015.05.15 07:01:44.772,1.52844,1.52881,1.00,1.75
2015.05.15 07:01:44.873,1.52829,1.52881,1.00,1.75
2015.05.15 07:01:44.974,1.52829,1.52871,1.00,1.75
2015.05.15 07:01:45.025,1.52823,1.52865,1.50,1.37
2015.05.15 07:01:45.536,1.52824,1.52865,1.00,1.37
2015.05.15 07:01:45.787,1.52823,1.52871,1.50,1.37
2015.05.15 07:01:45.888,1.52824,1.52871,1.37,1.87
2015.05.15 07:01:45.990,1.52828,1.52876,1.00,1.37
2015.05.15 07:01:46.091,1.52834,1.52876,1.00,1.37
2015.05.15 07:01:46.437,1.52834,1.52882,1.00,1.87
2015.05.15 07:01:46.538,1.52834,1.52882,1.87,1.12
2015.05.15 07:01:46.689,1.52834,1.52889,4.12,1.50
2015.05.15 07:01:46.740,1.52834,1.52889,3.75,1.00
2015.05.15 07:01:46.790,1.5284,1.52887,1.00,1.00
2015.05.15 07:01:46.893,1.5284,1.5289,1.00,1.00
2015.05.15 07:01:46.999,1.52835,1.52888,1.12,1.00
2015.05.15 07:01:47.501,1.52835,1.52888,1.50,1.37
2015.05.15 07:01:47.804,1.52844,1.52888,1.00,1.37
2015.05.15 07:01:48.408,1.52843,1.52888,1.00,1.37
2015.05.15 07:01:48.610,1.52843,1.52888,1.00,1.12
2015.05.15 07:01:48.761,1.52838,1.52888,1.50,1.00
2015.05.15 07:01:48.995,1.52844,1.52888,1.00,1.37
2015.05.15 07:01:49.097,1.52844,1.52895,2.62,1.50
2015.05.15 07:01:49.198,1.52845,1.52895,1.00,1.37
2015.05.15 07:01:49.299,1.52847,1.52895,1.00,1.37
2015.05.15 07:01:49.450,1.52852,1.52904,1.00,1.00
2015.05.15 07:01:49.501,1.52854,1.52904,1.00,1.00
2015.05.15 07:01:49.552,1.52854,1.52907,1.50,1.00
2015.05.15 07:01:49.602,1.52864,1.52907,1.00,1.00
2015.05.15 07:01:49.741,1.52864,1.52914,1.00,1.87
2015.05.15 07:01:49.792,1.52863,1.52914,1.97,1.00
2015.05.15 07:01:49.844,1.52869,1.5292,1.00,1.00
2015.05.15 07:01:49.946,1.52874,1.5292,1.00,1.00
2015.05.15 07:01:50.047,1.52874,1.52924,1.00,1.00
2015.05.15 07:01:50.298,1.52873,1.52926,1.00,2.25
2015.05.15 07:01:50.399,1.52874,1.52922,1.00,1.00
2015.05.15 07:01:50.539,1.52874,1.52924,1.00,1.00
2015.05.15 07:01:50.640,1.52876,1.52921,1.00,1.00
2015.05.15 07:01:50.741,1.52875,1.52926,1.00,1.00
2015.05.15 07:01:50.943,1.52879,1.52926,1.00,1.00
2015.05.15 07:01:51.289,1.52886,1.52927,1.00,1.12
2015.05.15 07:01:51.440,1.5288,1.52926,1.00,1.00
2015.05.15 07:01:52.050,1.52884,1.52935,1.00,1.52
2015.05.15 07:01:52.101,1.52886,1.52936,1.00,1.52
2015.05.15 07:01:52.418,1.52881,1.52927,1.00,1.00
2015.05.15 07:01:52.830,1.52881,1.52926,1.00,1.52
2015.05.15 07:01:52.880,1.52875,1.52925,1.00,1.27
2015.05.15 07:01:52.931,1.52872,1.52925,1.00,1.00
2015.05.15 07:01:53.032,1.52872,1.52913,1.00,1.00
2015.05.15 07:01:53.155,1.52867,1.52913,1.00,1.00
2015.05.15 07:01:53.206,1.52864,1.52916,1.00,1.00
2015.05.15 07:01:53.675,1.52868,1.52915,1.00,1.00
2015.05.15 07:01:53.726,1.52868,1.5292,1.00,1.00
2015.05.15 07:01:53.776,1.52868,1.52916,1.00,1.00
2015.05.15 07:01:54.015,1.52863,1.52916,1.00,1.00
2015.05.15 07:01:54.368,1.52864,1.52911,1.00,1.50
2015.05.15 07:01:54.671,1.52864,1.52909,1.00,1.00
2015.05.15 07:01:54.963,1.52858,1.52905,1.00,1.00
2015.05.15 07:01:55.014,1.52858,1.52902,1.00,1.00
2015.05.15 07:01:55.064,1.52854,1.52902,1.00,1.00
2015.05.15 07:01:55.569,1.52853,1.52902,1.00,1.50
2015.05.15 07:01:55.765,1.52853,1.52902,1.00,2.25
2015.05.15 07:01:56.017,1.52854,1.52902,1.12,1.37
2015.05.15 07:01:56.219,1.52854,1.52902,1.75,1.37
2015.05.15 07:01:56.522,1.52857,1.52906,2.62,1.37
2015.05.15 07:01:56.645,1.5286,1.5291,1.12,1.37
2015.05.15 07:01:56.751,1.52863,1.5291,1.37,1.12
2015.05.15 07:01:57.303,1.52866,1.52915,1.00,1.50
2015.05.15 07:01:57.354,1.5287,1.52918,1.00,1.75
2015.05.15 07:01:57.542,1.5287,1.52918,1.37,1.37
2015.05.15 07:01:57.752,1.52871,1.52918,1.00,1.75
2015.05.15 07:01:57.920,1.52866,1.52916,1.37,1.75
2015.05.15 07:01:58.622,1.52866,1.52913,1.00,1.37
2015.05.15 07:01:58.673,1.52868,1.52913,1.00,1.37
2015.05.15 07:01:58.826,1.52864,1.52912,1.12,1.50
2015.05.15 07:01:58.978,1.52864,1.52908,1.00,1.75
2015.05.15 07:01:59.079,1.52863,1.52908,1.00,1.37
2015.05.15 07:01:59.181,1.52863,1.52909,1.37,1.00
2015.05.15 07:01:59.563,1.52865,1.52912,1.00,1.12
2015.05.15 07:02:00.165,1.52865,1.52913,1.00,1.00
2015.05.15 07:02:00.710,1.52865,1.52912,1.00,1.00
2015.05.15 07:02:00.761,1.52863,1.52912,1.00,1.12
2015.05.15 07:02:00.811,1.52866,1.52914,1.00,1.37
2015.05.15 07:02:01.162,1.52863,1.52908,1.00,1.00
2015.05.15 07:02:01.472,1.52856,1.52907,1.37,1.00
2015.05.15 07:02:01.555,1.52864,1.52907,1.00,1.00
2015.05.15 07:02:01.606,1.52864,1.52909,1.00,1.12
2015.05.15 07:02:01.808,1.52856,1.52909,1.37,1.87
2015.05.15 07:02:02.025,1.52861,1.52909,1.00,1.37
2015.05.15 07:02:02.328,1.52856,1.52905,1.12,1.50
2015.05.15 07:02:02.493,1.52854,1.52904,1.87,1.37
2015.05.15 07:02:02.597,1.52854,1.52904,1.37,1.50
2015.05.15 07:02:02.900,1.52851,1.52904,1.50,1.87
2015.05.15 07:02:03.130,1.52854,1.52904,1.87,1.00
2015.05.15 07:02:03.181,1.52856,1.52909,1.87,1.37
2015.05.15 07:02:03.232,1.52859,1.52909,1.75,1.12
2015.05.15 07:02:03.393,1.52862,1.52914,1.75,1.37
2015.05.15 07:02:03.444,1.52864,1.52914,1.12,1.00
2015.05.15 07:02:03.646,1.52864,1.52914,3.00,1.00
2015.05.15 07:02:04.242,1.52864,1.52914,1.37,1.00
2015.05.15 07:02:04.292,1.52864,1.52914,1.00,1.00
2015.05.15 07:02:04.472,1.52864,1.52914,1.87,1.00
2015.05.15 07:02:04.623,1.52866,1.52921,1.50,1.87
2015.05.15 07:02:04.731,1.52867,1.52921,1.50,1.50
2015.05.15 07:02:05.042,1.52874,1.52921,1.00,1.37
2015.05.15 07:02:05.250,1.52874,1.52921,1.00,1.12
2015.05.15 07:02:07.949,1.52873,1.52925,1.00,2.25
2015.05.15 07:02:08.152,1.52874,1.52921,1.37,1.00
2015.05.15 07:02:08.253,1.52874,1.52925,1.37,2.25
2015.05.15 07:02:08.354,1.52874,1.52922,1.37,1.37
2015.05.15 07:02:08.557,1.52873,1.52922,1.37,1.12
2015.05.15 07:02:08.658,1.52874,1.52925,1.12,1.37
2015.05.15 07:02:08.709,1.52884,1.52925,1.00,1.37
2015.05.15 07:02:09.041,1.52883,1.5292,1.00,1.12
2015.05.15 07:02:09.142,1.52873,1.5292,1.00,1.75
2015.05.15 07:02:09.249,1.52884,1.5292,1.00,1.75
2015.05.15 07:02:09.511,1.52884,1.52919,1.00,1.50
2015.05.15 07:02:10.049,1.52883,1.52924,1.00,1.75
2015.05.15 07:02:10.100,1.52883,1.52925,1.00,1.00
2015.05.15 07:02:10.151,1.52873,1.52925,1.50,1.00
2015.05.15 07:02:10.202,1.52877,1.52929,1.37,1.12
2015.05.15 07:02:10.303,1.52878,1.52931,1.37,1.50
2015.05.15 07:02:10.404,1.52884,1.52931,1.00,1.50
2015.05.15 07:02:10.780,1.52893,1.52931,1.00,1.37
2015.05.15 07:02:10.932,1.52883,1.52931,1.00,1.12
2015.05.15 07:02:11.392,1.52884,1.52932,1.00,1.50
2015.05.15 07:02:11.493,1.52894,1.52932,1.00,1.50
2015.05.15 07:02:11.680,1.52884,1.52937,1.50,1.12
2015.05.15 07:02:11.983,1.52884,1.52937,1.00,1.87
2015.05.15 07:02:12.466,1.52883,1.5293,1.00,1.00
2015.05.15 07:02:12.518,1.52883,1.52934,1.00,1.12
2015.05.15 07:02:12.720,1.52883,1.52934,1.00,1.50
2015.05.15 07:02:13.031,1.52884,1.52928,1.00,1.87
2015.05.15 07:02:13.132,1.52874,1.52926,1.00,1.00
2015.05.15 07:02:13.563,1.52873,1.52924,1.00,1.00
2015.05.15 07:02:13.866,1.52874,1.52922,1.00,1.12
2015.05.15 07:02:14.234,1.52874,1.52924,1.00,1.00
2015.05.15 07:02:14.419,1.52874,1.52926,1.00,1.00
2015.05.15 07:02:14.469,1.52884,1.52926,1.00,1.00
2015.05.15 07:02:14.722,1.52884,1.5293,1.00,1.75
2015.05.15 07:02:15.237,1.52884,1.52928,1.00,1.87
2015.05.15 07:02:15.640,1.52884,1.5292,1.00,1.00
2015.05.15 07:02:15.741,1.52884,1.52925,1.00,1.75
2015.05.15 07:02:15.842,1.52884,1.52926,1.00,2.25
2015.05.15 07:02:16.436,1.52884,1.52926,1.00,2.25
2015.05.15 07:02:16.640,1.52884,1.52926,1.00,1.50
2015.05.15 07:02:17.161,1.52883,1.52926,1.00,1.50
2015.05.15 07:02:17.693,1.52884,1.52928,1.00,1.50
2015.05.15 07:02:17.794,1.52884,1.52925,1.00,1.50
2015.05.15 07:02:17.845,1.52874,1.52925,1.00,1.50
2015.05.15 07:02:18.097,1.52883,1.52925,1.00,1.37
2015.05.15 07:02:18.198,1.52873,1.52926,1.00,1.12
2015.05.15 07:02:18.403,1.52873,1.52926,1.00,1.00
2015.05.15 07:02:18.928,1.52874,1.52926,1.00,1.00
2015.05.15 07:02:19.307,1.52874,1.52923,1.00,1.00
2015.05.15 07:02:19.458,1.52873,1.52925,1.00,1.00
2015.05.15 07:02:19.870,1.52877,1.52929,1.00,1.37
2015.05.15 07:02:20.031,1.52873,1.52931,1.50,1.87
2015.05.15 07:02:20.150,1.52878,1.52931,1.00,1.37
2015.05.15 07:02:20.531,1.52884,1.52931,1.00,1.37
2015.05.15 07:02:20.920,1.52884,1.52933,1.00,1.87
2015.05.15 07:02:21.021,1.52884,1.52933,1.00,1.75
2015.05.15 07:02:21.576,1.52883,1.52934,1.00,1.75
2015.05.15 07:02:21.878,1.52884,1.52928,1.00,1.75
2015.05.15 07:02:22.030,1.52874,1.52926,1.00,1.75
2015.05.15 07:02:22.213,1.52874,1.52925,1.00,1.87
2015.05.15 07:02:22.391,1.52884,1.52928,1.00,1.75
2015.05.15 07:02:22.547,1.52884,1.52928,1.00,1.37
2015.05.15 07:02:22.648,1.52874,1.52928,1.50,1.37
2015.05.15 07:02:22.899,1.52884,1.52927,1.00,1.37
2015.05.15 07:02:22.950,1.52884,1.52931,1.00,1.37
2015.05.15 07:02:23.229,1.52883,1.5293,1.00,1.75
2015.05.15 07:02:23.330,1.52873,1.52925,1.50,1.00
2015.05.15 07:02:23.380,1.52873,1.52925,1.50,1.37
2015.05.15 07:02:23.737,1.52874,1.5292,1.00,1.00
2015.05.15 07:02:24.332,1.52873,1.5292,1.00,1.00
2015.05.15 07:02:24.540,1.52873,1.52922,1.00,1.00
2015.05.15 07:02:24.861,1.52873,1.52922,1.50,1.00
2015.05.15 07:02:25.163,1.52874,1.52929,1.75,1.37
2015.05.15 07:02:25.507,1.52884,1.52928,1.00,1.12
2015.05.15 07:02:25.557,1.52873,1.52926,1.00,1.12
2015.05.15 07:02:26.112,1.52874,1.52925,1.00,1.50
2015.05.15 07:02:26.447,1.52865,1.5292,1.00,1.75
2015.05.15 07:02:26.750,1.52863,1.52913,1.00,1.00
2015.05.15 07:02:26.801,1.52863,1.52913,1.00,1.87
2015.05.15 07:02:27.342,1.52863,1.52905,1.00,1.00
2015.05.15 07:02:27.443,1.52854,1.52904,1.00,1.00
2015.05.15 07:02:27.952,1.52853,1.52904,1.12,1.37
2015.05.15 07:02:28.347,1.52854,1.52902,1.00,2.25
2015.05.15 07:02:28.656,1.52854,1.52902,1.00,2.62
2015.05.15 07:02:28.875,1.52854,1.52902,1.00,3.00
2015.05.15 07:02:29.435,1.52854,1.52902,1.00,3.00
2015.05.15 07:02:29.821,1.52844,1.52896,1.12,1.37
2015.05.15 07:02:30.180,1.52854,1.52897,1.00,1.00
2015.05.15 07:02:30.281,1.52844,1.52897,1.87,1.00
2015.05.15 07:02:30.551,1.52843,1.52897,1.00,1.12
2015.05.15 07:02:31.181,1.52843,1.52891,1.00,1.37
2015.05.15 07:02:31.537,1.52843,1.52891,1.50,1.37
2015.05.15 07:02:31.589,1.52843,1.52893,1.00,1.00
2015.05.15 07:02:31.639,1.52843,1.52894,1.87,1.00
2015.05.15 07:02:31.690,1.52849,1.52899,1.00,2.02
2015.05.15 07:02:31.741,1.52853,1.52899,1.00,1.50
2015.05.15 07:02:31.792,1.52853,1.52906,1.12,1.00
2015.05.15 07:02:31.842,1.52854,1.52906,1.00,1.75
2015.05.15 07:02:32.145,1.52854,1.52902,1.00,1.37
2015.05.15 07:02:32.683,1.52853,1.529,1.00,1.37
2015.05.15 07:02:33.485,1.52853,1.52906,1.37,1.12
2015.05.15 07:02:33.892,1.52854,1.52905,1.00,1.37
2015.05.15 07:02:34.444,1.52853,1.52901,1.00,1.37
2015.05.15 07:02:34.747,1.52854,1.52899,1.00,1.37
2015.05.15 07:02:35.108,1.52853,1.52899,1.00,1.12
2015.05.15 07:02:35.799,1.52853,1.52899,1.00,1.37
2015.05.15 07:02:36.338,1.52854,1.52899,1.00,1.37
2015.05.15 07:02:36.652,1.52864,1.529,1.00,1.12
2015.05.15 07:02:37.216,1.52863,1.52901,1.00,1.12
2015.05.15 07:02:37.755,1.52864,1.52901,1.00,1.12
2015.05.15 07:02:38.008,1.52864,1.52907,1.00,1.50
2015.05.15 07:02:38.410,1.52874,1.52908,1.00,1.12
2015.05.15 07:02:38.511,1.52874,1.52911,1.00,1.00
2015.05.15 07:02:38.662,1.52863,1.52913,1.00,1.52
2015.05.15 07:02:38.864,1.52856,1.52912,1.00,2.02
2015.05.15 07:02:38.915,1.52854,1.52908,1.12,1.00
2015.05.15 07:02:38.965,1.52854,1.52906,1.00,1.57
2015.05.15 07:02:39.066,1.52849,1.52906,1.00,2.02
2015.05.15 07:02:39.117,1.52849,1.52905,1.00,1.37
2015.05.15 07:02:39.218,1.52844,1.52896,1.00,1.00
2015.05.15 07:02:39.317,1.52854,1.52895,1.00,1.00
2015.05.15 07:02:39.620,1.52844,1.52895,1.00,1.12
2015.05.15 07:02:39.730,1.52844,1.52895,1.37,1.50
2015.05.15 07:02:39.831,1.52844,1.52895,1.00,1.87
2015.05.15 07:02:40.461,1.52844,1.52896,1.12,1.12
2015.05.15 07:02:40.562,1.52854,1.52895,1.00,1.37
2015.05.15 07:02:40.663,1.52854,1.529,1.00,1.50
2015.05.15 07:02:40.764,1.52854,1.529,1.00,1.37
2015.05.15 07:02:40.966,1.52854,1.52899,1.00,1.27
2015.05.15 07:02:41.017,1.52844,1.52896,1.00,1.75
2015.05.15 07:02:41.348,1.52854,1.52896,1.00,2.25
2015.05.15 07:02:41.449,1.52844,1.52896,1.00,1.75
2015.05.15 07:02:41.651,1.52843,1.52896,1.50,1.00
2015.05.15 07:02:42.117,1.52845,1.52896,1.00,1.00
2015.05.15 07:02:42.452,1.52853,1.52896,1.00,1.12
2015.05.15 07:02:42.553,1.52845,1.52896,1.00,1.00
2015.05.15 07:02:42.962,1.52844,1.52894,1.00,1.12
2015.05.15 07:02:43.470,1.52844,1.52889,1.00,1.00
2015.05.15 07:02:45.849,1.52844,1.52889,1.00,1.37
2015.05.15 07:02:46.210,1.52836,1.52888,1.00,1.37
2015.05.15 07:02:46.345,1.52836,1.52888,1.00,1.87
2015.05.15 07:02:46.648,1.52834,1.52877,1.00,1.50
2015.05.15 07:02:46.749,1.52834,1.52884,1.00,1.37
2015.05.15 07:02:46.862,1.52836,1.52884,1.12,1.00
2015.05.15 07:02:47.191,1.52844,1.52889,1.00,1.00
2015.05.15 07:02:47.396,1.52836,1.52888,1.50,1.00
2015.05.15 07:02:47.447,1.52836,1.52888,1.50,1.50
2015.05.15 07:02:47.548,1.52836,1.52888,1.12,1.37
2015.05.15 07:02:47.598,1.52843,1.52888,1.00,1.37
2015.05.15 07:02:47.852,1.52836,1.52883,1.12,1.37
2015.05.15 07:02:47.983,1.52834,1.52883,1.00,1.12
2015.05.15 07:02:48.034,1.52843,1.52884,1.00,1.37
2015.05.15 07:02:48.160,1.52834,1.52884,1.00,1.00
2015.05.15 07:02:48.361,1.52834,1.52884,1.00,1.37
2015.05.15 07:02:48.462,1.52834,1.52884,1.00,1.00
2015.05.15 07:02:49.026,1.52829,1.52884,1.75,1.00
2015.05.15 07:02:49.178,1.52834,1.52884,1.00,1.12
2015.05.15 07:02:49.480,1.52834,1.5288,1.00,1.37
2015.05.15 07:02:49.581,1.52824,1.52879,2.62,1.00
2015.05.15 07:02:49.764,1.52825,1.52879,1.12,1.37
2015.05.15 07:02:50.090,1.52829,1.5288,1.00,1.75
2015.05.15 07:02:50.428,1.52834,1.5288,1.00,1.75
2015.05.15 07:02:51.358,1.52833,1.5288,1.00,1.75
2015.05.15 07:02:51.489,1.52833,1.52881,1.00,1.50
2015.05.15 07:02:51.590,1.52829,1.52882,1.00,1.75
2015.05.15 07:02:52.006,1.52824,1.52878,2.62,1.37
2015.05.15 07:02:52.107,1.52833,1.52878,1.00,1.37
2015.05.15 07:02:52.697,1.52833,1.52878,1.00,1.37
2015.05.15 07:02:53.005,1.52834,1.52883,1.00,1.37
2015.05.15 07:02:53.106,1.52834,1.52883,1.12,1.00
2015.05.15 07:02:53.359,1.52843,1.52883,1.00,1.00
2015.05.15 07:02:53.570,1.52836,1.52883,1.00,1.00
2015.05.15 07:02:53.671,1.52836,1.52888,1.75,1.00
2015.05.15 07:02:53.868,1.52836,1.52888,2.25,1.00
2015.05.15 07:02:54.020,1.52835,1.52888,1.00,1.50
2015.05.15 07:02:54.222,1.52844,1.52888,1.00,1.00
2015.05.15 07:02:54.546,1.52844,1.52886,1.00,1.00
2015.05.15 07:02:54.760,1.52833,1.52882,1.12,1.37
2015.05.15 07:02:54.851,1.52833,1.52882,1.00,1.37
2015.05.15 07:02:55.171,1.52833,1.52879,1.00,1.37
2015.05.15 07:02:55.478,1.52833,1.52879,1.00,1.37
2015.05.15 07:02:56.880,1.52833,1.52879,1.00,1.12
2015.05.15 07:02:58.388,1.52833,1.52879,1.00,1.37
2015.05.15 07:02:58.690,1.52834,1.52879,1.00,1.37
2015.05.15 07:02:59.218,1.52834,1.52879,1.00,2.25
2015.05.15 07:03:00.826,1.52824,1.52873,1.00,1.12
2015.05.15 07:03:01.335,1.52825,1.52873,1.00,1.12
2015.05.15 07:03:01.450,1.52833,1.52873,1.00,1.12
2015.05.15 07:03:01.844,1.52834,1.52873,1.00,1.75
2015.05.15 07:03:02.009,1.52824,1.52873,1.00,1.75
2015.05.15 07:03:02.111,1.52833,1.52873,1.00,1.37
2015.05.15 07:03:02.263,1.52824,1.52868,1.00,1.37
2015.05.15 07:03:02.364,1.52817,1.52868,1.00,1.12
2015.05.15 07:03:02.465,1.52834,1.52868,1.00,1.00
2015.05.15 07:03:02.566,1.52824,1.52868,1.00,1.00
2015.05.15 07:03:02.617,1.52824,1.52868,1.00,1.37
2015.05.15 07:03:02.929,1.52824,1.52868,1.00,1.00
2015.05.15 07:03:02.988,1.52834,1.52868,1.00,1.00
2015.05.15 07:03:03.142,1.52823,1.52874,1.00,1.37
2015.05.15 07:03:03.345,1.52824,1.52868,1.00,1.00
2015.05.15 07:03:03.850,1.52824,1.52868,1.00,1.37
2015.05.15 07:03:04.133,1.52819,1.52868,1.37,1.12
2015.05.15 07:03:04.247,1.52834,1.52868,1.00,1.12
2015.05.15 07:03:04.350,1.52824,1.52867,1.00,1.37
2015.05.15 07:03:04.451,1.52815,1.52863,1.00,1.00
2015.05.15 07:03:04.552,1.52814,1.5286,1.00,1.00
2015.05.15 07:03:04.653,1.52807,1.5286,1.50,1.00
2015.05.15 07:03:04.754,1.52824,1.5286,1.00,1.00
2015.05.15 07:03:04.885,1.52813,1.5286,1.00,1.00
2015.05.15 07:03:05.200,1.52814,1.52858,1.00,1.00
2015.05.15 07:03:06.510,1.52814,1.52858,1.00,1.37
2015.05.15 07:03:07.039,1.52814,1.52858,1.00,1.37
2015.05.15 07:03:07.738,1.52807,1.52858,1.00,1.37
2015.05.15 07:03:07.839,1.52807,1.52858,1.00,1.37
2015.05.15 07:03:08.159,1.52814,1.52856,1.00,1.37
2015.05.15 07:03:09.298,1.52814,1.52856,1.00,1.50
2015.05.15 07:03:09.710,1.52814,1.5286,1.00,1.37
2015.05.15 07:03:09.811,1.52808,1.5286,1.00,1.37
2015.05.15 07:03:09.920,1.52808,1.5286,1.00,1.12
2015.05.15 07:03:10.620,1.52808,1.52858,1.00,1.00
2015.05.15 07:03:10.876,1.52808,1.5286,1.00,1.12
2015.05.15 07:03:10.926,1.52808,1.5286,1.00,1.50
2015.05.15 07:03:11.027,1.52808,1.52857,1.00,1.00
2015.05.15 07:03:12.132,1.52814,1.52857,1.00,1.00
2015.05.15 07:03:13.448,1.52808,1.52858,1.75,1.00
2015.05.15 07:03:13.549,1.52811,1.52861,1.37,1.50
2015.05.15 07:03:13.889,1.52824,1.52866,1.00,1.12
2015.05.15 07:03:14.440,1.52823,1.52866,1.00,1.87
2015.05.15 07:03:15.344,1.52814,1.52866,1.00,2.25
2015.05.15 07:03:15.445,1.52814,1.52866,1.00,2.25
2015.05.15 07:03:15.546,1.52806,1.52858,1.87,1.75
2015.05.15 07:03:15.648,1.52814,1.52858,1.00,1.50
2015.05.15 07:03:16.095,1.52806,1.52858,1.00,1.00
2015.05.15 07:03:16.197,1.52813,1.52858,1.00,1.00
2015.05.15 07:03:16.549,1.52823,1.52858,1.00,1.00
2015.05.15 07:03:16.650,1.52814,1.52858,1.00,1.00
2015.05.15 07:03:18.363,1.52814,1.52858,1.00,1.37
2015.05.15 07:03:18.899,1.52814,1.52857,1.00,1.50
2015.05.15 07:03:19.248,1.52813,1.52854,1.00,1.37
2015.05.15 07:03:20.485,1.52803,1.52854,1.00,1.37
2015.05.15 07:03:21.470,1.52813,1.52854,1.00,1.37
2015.05.15 07:03:22.108,1.52813,1.52848,1.00,1.00
2015.05.15 07:03:22.360,1.52804,1.52851,1.00,1.12
2015.05.15 07:03:22.612,1.52804,1.52849,1.00,1.75
2015.05.15 07:03:22.714,1.52793,1.52844,1.00,2.25
2015.05.15 07:03:22.828,1.52804,1.52844,1.00,2.25
2015.05.15 07:03:22.880,1.52804,1.52844,1.00,1.87
2015.05.15 07:03:23.083,1.52804,1.52845,1.00,1.00
2015.05.15 07:03:23.183,1.52803,1.52847,1.00,1.00
2015.05.15 07:03:23.284,1.52803,1.52849,1.00,1.00
2015.05.15 07:03:23.385,1.52798,1.52852,1.75,1.00
2015.05.15 07:03:23.449,1.52804,1.52852,1.00,1.00
2015.05.15 07:03:23.500,1.52804,1.52856,1.50,1.00
2015.05.15 07:03:23.768,1.52804,1.52857,1.87,1.50
2015.05.15 07:03:24.184,1.52808,1.52861,1.75,1.00
2015.05.15 07:03:24.285,1.52808,1.52863,1.75,1.50
2015.05.15 07:03:24.487,1.52813,1.52863,1.00,1.00
2015.05.15 07:03:24.990,1.52814,1.52863,1.00,1.00
2015.05.15 07:03:25.809,1.52814,1.52863,1.00,1.75
2015.05.15 07:03:26.211,1.52814,1.52863,1.00,1.87
2015.05.15 07:03:27.095,1.52813,1.52863,1.00,1.75
2015.05.15 07:03:27.399,1.52813,1.52862,1.00,1.00
2015.05.15 07:03:27.500,1.52817,1.52865,1.00,1.00
2015.05.15 07:03:27.551,1.52817,1.52867,1.00,1.12
2015.05.15 07:03:27.602,1.52821,1.52867,1.00,1.00
2015.05.15 07:03:27.904,1.52824,1.52867,1.00,1.00
2015.05.15 07:03:27.985,1.52824,1.52872,1.00,1.37
2015.05.15 07:03:28.086,1.52823,1.52872,1.00,1.00
2015.05.15 07:03:28.390,1.52823,1.52872,1.37,1.00
2015.05.15 07:03:28.491,1.52824,1.52877,1.75,1.50
2015.05.15 07:03:28.743,1.52834,1.52877,1.00,1.00
2015.05.15 07:03:29.062,1.52827,1.52877,1.00,1.12
2015.05.15 07:03:29.167,1.52834,1.52877,1.00,1.12
2015.05.15 07:03:29.279,1.52827,1.52877,1.00,1.12
2015.05.15 07:03:29.508,1.52833,1.52877,1.00,1.12
2015.05.15 07:03:29.638,1.52827,1.52877,1.00,1.12
2015.05.15 07:03:29.839,1.52825,1.52877,1.00,1.37
2015.05.15 07:03:29.940,1.52834,1.52877,1.00,1.37
2015.05.15 07:03:30.145,1.52826,1.52877,1.00,1.37
2015.05.15 07:03:30.347,1.52824,1.52877,1.12,1.87
2015.05.15 07:03:30.619,1.52833,1.52877,1.00,1.87
2015.05.15 07:03:30.847,1.52824,1.52877,1.87,1.87
2015.05.15 07:03:30.948,1.52834,1.52877,1.00,1.37
2015.05.15 07:03:31.049,1.52826,1.52877,1.00,1.37
2015.05.15 07:03:31.100,1.52826,1.52877,1.12,1.00
2015.05.15 07:03:31.503,1.52833,1.52877,1.12,1.00
2015.05.15 07:03:31.655,1.5283,1.52882,1.37,1.12
2015.05.15 07:03:31.706,1.5283,1.52882,1.00,1.12
2015.05.15 07:03:31.756,1.5283,1.5288,1.00,1.00
2015.05.15 07:03:32.069,1.52834,1.52881,1.00,1.37
2015.05.15 07:03:32.592,1.52833,1.52882,1.00,1.37
2015.05.15 07:03:32.795,1.52833,1.52882,1.00,1.37
2015.05.15 07:03:32.846,1.52833,1.52879,1.00,1.00
2015.05.15 07:03:33.163,1.52833,1.52879,1.00,1.37
2015.05.15 07:03:33.264,1.52826,1.52879,1.00,1.50
2015.05.15 07:03:33.315,1.52826,1.52878,1.00,1.37
2015.05.15 07:03:33.416,1.52826,1.52879,1.87,1.37
2015.05.15 07:03:33.645,1.52824,1.52875,1.00,1.00
2015.05.15 07:03:33.748,1.52823,1.52875,1.50,1.37
2015.05.15 07:03:34.052,1.52844,1.5288,1.00,1.75
2015.05.15 07:03:34.153,1.52843,1.5288,1.00,1.00
2015.05.15 07:03:34.494,1.52843,1.52884,1.00,1.00
2015.05.15 07:03:34.797,1.52837,1.52884,1.00,1.00
2015.05.15 07:03:34.848,1.52834,1.52881,1.00,1.12
2015.05.15 07:03:35.050,1.52833,1.52884,1.12,1.12
2015.05.15 07:03:35.583,1.52844,1.52884,1.00,1.12
2015.05.15 07:03:35.886,1.52833,1.52884,1.12,1.37
2015.05.15 07:03:36.539,1.52834,1.52884,1.00,1.37
2015.05.15 07:03:36.641,1.52834,1.52883,1.00,1.75
2015.05.15 07:03:36.944,1.52843,1.52877,1.00,1.37
2015.05.15 07:03:37.023,1.52843,1.52877,1.00,1.37
2015.05.15 07:03:37.124,1.52834,1.52877,1.12,1.00
2015.05.15 07:03:37.226,1.52834,1.52882,2.62,1.37
2015.05.15 07:03:37.277,1.52835,1.52882,1.12,1.12
2015.05.15 07:03:37.328,1.52844,1.52882,1.00,1.12
2015.05.15 07:03:37.549,1.52835,1.52887,1.12,2.25
2015.05.15 07:03:37.650,1.52834,1.52886,3.00,1.87
2015.05.15 07:03:37.751,1.52834,1.5288,1.12,1.75
2015.05.15 07:03:38.961,1.52833,1.5288,1.50,1.37
2015.05.15 07:03:40.803,1.52833,1.52882,1.50,1.37
2015.05.15 07:03:40.854,1.52834,1.52882,1.50,1.12
2015.05.15 07:03:41.157,1.52843,1.52887,1.00,1.37
2015.05.15 07:03:41.478,1.52844,1.52888,1.00,1.37
2015.05.15 07:03:41.781,1.52843,1.52888,1.00,1.75
2015.05.15 07:03:41.882,1.52843,1.52888,1.00,1.50
2015.05.15 07:03:41.982,1.52843,1.52886,1.00,2.25
2015.05.15 07:03:42.083,1.52834,1.52883,1.00,1.75
2015.05.15 07:03:43.014,1.52834,1.52881,1.00,1.37
2015.05.15 07:03:43.115,1.52834,1.52881,1.37,1.37
2015.05.15 07:03:43.437,1.52843,1.52886,1.00,2.62
2015.05.15 07:03:43.589,1.52834,1.52886,1.37,2.62
2015.05.15 07:03:43.780,1.52833,1.52885,1.50,1.75
2015.05.15 07:03:44.901,1.52833,1.52884,1.75,1.37
2015.05.15 07:03:45.207,1.52844,1.52885,1.00,1.37
2015.05.15 07:03:45.899,1.52843,1.52885,1.00,1.75
2015.05.15 07:03:46.152,1.5283,1.52877,1.37,1.37
2015.05.15 07:03:46.417,1.52826,1.52879,2.25,2.25
2015.05.15 07:03:46.518,1.52826,1.52877,1.87,1.37
2015.05.15 07:03:47.523,1.52826,1.52879,1.50,2.25
2015.05.15 07:03:48.317,1.52826,1.52879,1.50,1.50
2015.05.15 07:03:48.420,1.52826,1.52879,1.50,1.12
2015.05.15 07:03:48.672,1.52832,1.52884,1.12,1.50
2015.05.15 07:03:48.787,1.52834,1.52884,1.12,1.50
2015.05.15 07:03:49.091,1.52834,1.52884,1.37,1.50
2015.05.15 07:03:51.202,1.52834,1.52884,1.12,1.37
2015.05.15 07:03:51.908,1.52833,1.52885,1.37,1.87
2015.05.15 07:03:52.096,1.52834,1.52886,1.37,1.75
2015.05.15 07:03:52.147,1.52836,1.52886,1.37,1.00
2015.05.15 07:03:52.248,1.52839,1.52892,1.50,1.50
2015.05.15 07:03:52.299,1.52841,1.52892,1.00,1.37
2015.05.15 07:03:52.349,1.52842,1.52892,1.75,1.37
2015.05.15 07:03:52.501,1.52846,1.52892,1.00,1.00
2015.05.15 07:03:52.653,1.52845,1.52895,1.50,1.00
2015.05.15 07:03:52.704,1.52845,1.5289,1.50,1.37
2015.05.15 07:03:52.755,1.52844,1.5289,1.00,1.37
2015.05.15 07:03:52.886,1.52838,1.5289,1.00,1.75
2015.05.15 07:03:52.937,1.52843,1.5289,1.00,1.37
2015.05.15 07:03:52.987,1.52843,1.52891,1.00,1.00
2015.05.15 07:03:53.191,1.52833,1.52886,1.87,1.00
2015.05.15 07:03:53.292,1.52831,1.52881,1.75,1.00
2015.05.15 07:03:53.393,1.52829,1.52881,1.00,1.00
2015.05.15 07:03:53.494,1.5283,1.52881,1.37,1.00
2015.05.15 07:03:53.726,1.52832,1.52884,1.50,1.37
2015.05.15 07:03:53.881,1.52832,1.52885,1.12,1.00
2015.05.15 07:03:53.931,1.52834,1.52885,1.00,1.00
2015.05.15 07:03:54.435,1.52832,1.52883,1.87,1.00
2015.05.15 07:03:54.609,1.52833,1.52885,1.00,1.00
2015.05.15 07:03:54.912,1.52837,1.52891,1.00,1.12
2015.05.15 07:03:55.510,1.52837,1.52888,1.00,1.00
2015.05.15 07:03:55.715,1.52833,1.52885,1.00,1.00
2015.05.15 07:03:55.816,1.52837,1.52889,1.12,1.00
2015.05.15 07:03:56.269,1.52843,1.5289,1.00,1.00
2015.05.15 07:03:56.370,1.52837,1.5289,1.12,1.00
2015.05.15 07:03:56.421,1.52839,1.5289,1.00,1.00
2015.05.15 07:03:56.768,1.52844,1.5289,1.00,1.12
2015.05.15 07:03:56.870,1.52845,1.52897,1.50,1.37
2015.05.15 07:03:56.921,1.52845,1.52897,1.50,1.00
2015.05.15 07:03:57.072,1.52844,1.52895,1.12,1.00
2015.05.15 07:03:57.376,1.52844,1.52897,1.37,1.87
2015.05.15 07:03:57.426,1.52845,1.52897,1.00,1.50
2015.05.15 07:03:57.716,1.52845,1.52897,1.00,1.75
2015.05.15 07:03:57.919,1.52844,1.52893,1.00,1.12
2015.05.15 07:03:58.020,1.52838,1.52889,1.37,1.37
2015.05.15 07:03:58.120,1.52838,1.52889,1.00,1.37
2015.05.15 07:03:58.322,1.52836,1.52887,1.00,1.37
2015.05.15 07:03:58.473,1.52844,1.52887,1.00,1.37
2015.05.15 07:03:58.574,1.52834,1.52887,1.37,1.37
2015.05.15 07:03:59.543,1.52834,1.52887,2.25,1.37
2015.05.15 07:03:59.644,1.52834,1.52885,1.00,1.37
2015.05.15 07:04:00.025,1.52834,1.5288,1.37,1.00
2015.05.15 07:04:00.277,1.52837,1.52888,1.00,1.00
2015.05.15 07:04:00.327,1.52843,1.52888,1.00,1.00
2015.05.15 07:04:00.579,1.5284,1.52893,1.75,1.87
2015.05.15 07:04:00.630,1.52843,1.52893,1.12,1.50
2015.05.15 07:04:00.825,1.52843,1.52893,1.12,2.25
2015.05.15 07:04:00.926,1.5284,1.52891,1.75,1.00
2015.05.15 07:04:01.329,1.5284,1.52893,1.75,1.00
2015.05.15 07:04:01.866,1.52844,1.52893,1.00,1.00
2015.05.15 07:04:02.694,1.52845,1.52893,1.37,1.00
2015.05.15 07:04:03.852,1.52849,1.52893,1.00,1.87
2015.05.15 07:04:04.004,1.52841,1.52893,1.87,1.87
2015.05.15 07:04:04.406,1.52843,1.52893,1.87,1.50
2015.05.15 07:04:04.558,1.52845,1.52891,1.12,1.00
2015.05.15 07:04:04.955,1.52845,1.52889,1.12,1.00
2015.05.15 07:04:05.106,1.52845,1.52893,1.12,1.00
2015.05.15 07:04:05.207,1.52845,1.52891,1.12,1.00
2015.05.15 07:04:05.409,1.52845,1.52893,1.00,1.00
2015.05.15 07:04:05.460,1.52844,1.52893,1.00,1.37
2015.05.15 07:04:05.612,1.5284,1.5289,1.00,1.37
2015.05.15 07:04:05.906,1.52843,1.5289,1.00,1.37
2015.05.15 07:04:05.957,1.52843,1.5289,1.00,1.00
2015.05.15 07:04:06.476,1.52843,1.52892,1.00,1.37
2015.05.15 07:04:06.989,1.52844,1.52892,1.00,1.37
2015.05.15 07:04:07.379,1.52844,1.52889,1.00,1.37
2015.05.15 07:04:08.347,1.52843,1.5289,1.50,1.37
2015.05.15 07:04:08.979,1.52843,1.5289,1.87,1.37
2015.05.15 07:04:09.187,1.52843,1.5289,1.37,1.12
2015.05.15 07:04:09.238,1.52849,1.52892,1.00,1.37
2015.05.15 07:04:09.289,1.52845,1.52892,1.00,1.00
2015.05.15 07:04:09.440,1.5285,1.52892,1.00,1.00
2015.05.15 07:04:09.744,1.52851,1.52894,1.00,1.37
2015.05.15 07:04:10.378,1.52851,1.52894,1.12,1.37
2015.05.15 07:04:10.767,1.52846,1.52896,1.37,1.75
2015.05.15 07:04:13.125,1.52852,1.52896,1.00,3.00
2015.05.15 07:04:13.277,1.52852,1.52896,1.00,1.50
2015.05.15 07:04:13.540,1.52854,1.52897,1.00,2.25
2015.05.15 07:04:13.590,1.52854,1.52897,1.00,1.87
2015.05.15 07:04:13.828,1.52852,1.52897,1.12,2.62
2015.05.15 07:04:19.068,1.52846,1.52894,1.50,1.37
2015.05.15 07:04:21.974,1.52845,1.52893,1.12,2.25
2015.05.15 07:04:26.224,1.52845,1.5289,1.12,1.37
2015.05.15 07:04:27.026,1.52845,1.5289,1.12,1.37
2015.05.15 07:04:27.530,1.52846,1.52892,1.12,1.00
2015.05.15 07:04:28.493,1.52846,1.52892,1.00,1.37
2015.05.15 07:04:29.031,1.52839,1.52889,1.87,1.87
2015.05.15 07:04:29.334,1.52833,1.52879,1.00,1.00
2015.05.15 07:04:29.446,1.52833,1.52882,1.00,1.50
2015.05.15 07:04:29.496,1.52833,1.52878,1.00,1.00
2015.05.15 07:04:30.049,1.52834,1.52878,1.00,1.00
2015.05.15 07:04:30.150,1.52832,1.52882,1.50,1.87
2015.05.15 07:04:30.251,1.52844,1.52884,1.00,1.37
2015.05.15 07:04:30.352,1.52833,1.52884,1.37,1.37
2015.05.15 07:04:30.403,1.52833,1.52881,1.75,1.37
2015.05.15 07:04:30.604,1.52834,1.52879,1.37,1.37
2015.05.15 07:04:32.508,1.52834,1.52877,1.37,1.00
2015.05.15 07:04:32.810,1.52834,1.52875,1.37,1.00
2015.05.15 07:04:32.912,1.52834,1.52875,1.37,1.00
2015.05.15 07:04:34.610,1.52833,1.52875,1.50,1.12
2015.05.15 07:04:36.158,1.52834,1.52875,1.00,1.12
2015.05.15 07:04:36.314,1.52834,1.52875,1.00,1.37
2015.05.15 07:04:36.415,1.52831,1.52873,1.00,1.87
2015.05.15 07:04:36.516,1.52828,1.52873,1.12,1.00
2015.05.15 07:04:36.819,1.52829,1.52874,1.12,1.50
2015.05.15 07:04:37.216,1.52833,1.52874,1.00,1.87
2015.05.15 07:04:37.818,1.52833,1.52874,1.00,1.87
2015.05.15 07:04:38.603,1.52833,1.52873,1.00,1.37
2015.05.15 07:04:39.556,1.52833,1.52874,1.00,2.25
2015.05.15 07:04:39.607,1.52824,1.5287,2.62,1.37
2015.05.15 07:04:39.657,1.52824,1.5287,1.87,1.12
2015.05.15 07:04:39.759,1.52827,1.5287,1.37,1.12
2015.05.15 07:04:40.021,1.52827,1.5287,1.50,1.12
2015.05.15 07:04:40.530,1.52828,1.52872,1.37,1.37
2015.05.15 07:04:43.084,1.52824,1.52869,1.87,1.00
2015.05.15 07:04:43.461,1.52824,1.52869,1.87,1.37
2015.05.15 07:04:46.134,1.52823,1.52869,2.25,1.37
2015.05.15 07:04:46.233,1.52824,1.52868,1.00,1.87
2015.05.15 07:04:46.334,1.52821,1.52866,1.00,1.37
2015.05.15 07:04:46.435,1.52813,1.52864,1.75,1.37
2015.05.15 07:04:46.536,1.52813,1.52862,1.50,1.37
2015.05.15 07:04:46.637,1.52814,1.52859,1.75,1.12
2015.05.15 07:04:46.848,1.52813,1.52862,1.75,1.37
2015.05.15 07:04:47.385,1.52814,1.52862,1.50,1.37
2015.05.15 07:04:50.675,1.52813,1.52862,1.75,1.37
2015.05.15 07:04:51.189,1.52813,1.52859,1.50,1.37
2015.05.15 07:04:51.500,1.52813,1.52859,1.75,1.00
2015.05.15 07:04:51.849,1.52813,1.52859,1.50,1.00
2015.05.15 07:04:52.251,1.52817,1.52859,1.75,1.00
2015.05.15 07:04:52.302,1.52817,1.52864,1.75,1.12
2015.05.15 07:04:52.353,1.52824,1.52864,1.00,1.00
2015.05.15 07:04:52.655,1.52824,1.5287,1.00,1.50
2015.05.15 07:04:52.756,1.52824,1.52876,1.50,2.25
2015.05.15 07:04:52.857,1.52824,1.52874,1.00,1.50
2015.05.15 07:04:53.468,1.52824,1.52872,1.00,1.00
2015.05.15 07:04:54.010,1.52824,1.52871,1.00,1.00
2015.05.15 07:04:54.523,1.52824,1.5287,1.00,1.00
2015.05.15 07:04:54.674,1.52824,1.52874,1.00,1.37
2015.05.15 07:04:54.826,1.52826,1.52876,1.00,3.37
2015.05.15 07:04:54.876,1.52826,1.52876,1.00,2.62
2015.05.15 07:04:54.927,1.52829,1.52876,1.00,1.87
2015.05.15 07:04:55.260,1.52833,1.52877,1.00,1.00
2015.05.15 07:04:55.411,1.52834,1.52884,1.37,1.37
2015.05.15 07:04:55.462,1.52833,1.52884,1.50,1.37
2015.05.15 07:04:56.230,1.52838,1.52886,1.00,2.62
2015.05.15 07:04:56.682,1.52843,1.52886,1.00,1.87
2015.05.15 07:04:57.106,1.52843,1.52885,1.00,1.50
2015.05.15 07:04:57.206,1.52843,1.52885,1.00,1.37
2015.05.15 07:04:59.494,1.52843,1.52885,1.00,1.37
2015.05.15 07:05:00.296,1.52843,1.52885,1.00,1.37
2015.05.15 07:05:00.845,1.52844,1.52886,1.00,1.37
2015.05.15 07:05:01.301,1.52844,1.52888,1.00,1.50
2015.05.15 07:05:02.613,1.52844,1.52888,1.00,1.50
2015.05.15 07:05:03.332,1.52844,1.52888,1.00,1.87
2015.05.15 07:05:03.433,1.52844,1.52888,1.37,1.37
2015.05.15 07:05:03.737,1.52844,1.52891,1.37,1.72
2015.05.15 07:05:03.838,1.52844,1.52891,1.87,1.37
2015.05.15 07:05:03.939,1.52844,1.52891,1.50,1.12
2015.05.15 07:05:04.040,1.52844,1.52892,1.87,1.37
2015.05.15 07:05:04.632,1.52845,1.52892,1.37,1.37
2015.05.15 07:05:05.035,1.52843,1.52891,1.37,1.37
2015.05.15 07:05:05.211,1.52844,1.52892,1.37,1.37
2015.05.15 07:05:05.945,1.52845,1.52892,1.50,1.00
2015.05.15 07:05:06.246,1.52845,1.52892,1.12,1.00
2015.05.15 07:05:06.431,1.52844,1.52892,1.87,1.00
2015.05.15 07:05:08.542,1.52844,1.52892,1.87,1.37
2015.05.15 07:05:08.844,1.52844,1.5289,1.00,3.00
2015.05.15 07:05:08.996,1.52837,1.52886,1.37,1.75
2015.05.15 07:05:09.231,1.52833,1.5288,1.87,1.37
2015.05.15 07:05:09.636,1.52834,1.52879,1.37,1.37
2015.05.15 07:05:10.041,1.52833,1.52879,1.37,1.37
2015.05.15 07:05:10.243,1.52833,1.52877,1.12,1.37
2015.05.15 07:05:10.800,1.52834,1.52873,1.12,1.37
2015.05.15 07:05:11.536,1.52834,1.52873,1.00,1.37
2015.05.15 07:05:11.853,1.52825,1.52873,1.12,1.37
2015.05.15 07:05:13.057,1.52825,1.52867,1.12,1.00
2015.05.15 07:05:13.158,1.52824,1.52867,3.00,1.00
2015.05.15 07:05:13.862,1.52824,1.52866,3.00,1.00
2015.05.15 07:05:14.512,1.52824,1.52865,2.62,1.00
2015.05.15 07:05:15.467,1.52824,1.52862,2.62,1.00
2015.05.15 07:05:15.666,1.52824,1.52866,2.62,1.12
2015.05.15 07:05:16.417,1.52824,1.52863,1.87,1.00
2015.05.15 07:05:16.741,1.52824,1.52859,1.00,1.00
2015.05.15 07:05:17.185,1.52824,1.52863,1.37,1.87
2015.05.15 07:05:18.220,1.52824,1.52863,1.37,1.50
2015.05.15 07:05:18.321,1.52824,1.52863,1.37,1.50
2015.05.15 07:05:18.697,1.52824,1.52863,1.12,1.50
2015.05.15 07:05:19.523,1.52824,1.52861,1.00,1.00
2015.05.15 07:05:20.050,1.52824,1.52862,1.00,1.12
2015.05.15 07:05:20.391,1.52833,1.52862,1.00,1.12
2015.05.15 07:05:20.905,1.52834,1.52863,1.00,1.12
2015.05.15 07:05:26.431,1.52834,1.52866,1.00,1.37
2015.05.15 07:05:26.532,1.52834,1.52866,1.00,1.00
2015.05.15 07:05:27.046,1.52833,1.52865,1.00,1.00
2015.05.15 07:05:27.147,1.52823,1.52865,1.37,1.00
2015.05.15 07:05:27.990,1.52823,1.52865,1.37,1.37
2015.05.15 07:05:30.175,1.52824,1.52868,1.00,2.25
2015.05.15 07:05:30.276,1.52824,1.52865,1.37,1.00
2015.05.15 07:05:30.477,1.52824,1.52873,1.37,1.12
2015.05.15 07:05:30.631,1.52824,1.52873,1.12,1.87
2015.05.15 07:05:31.550,1.52824,1.5287,1.12,1.00
2015.05.15 07:05:31.771,1.52824,1.52868,1.12,1.00
2015.05.15 07:05:34.004,1.52824,1.52871,1.12,1.00
2015.05.15 07:05:38.361,1.52824,1.52871,1.37,1.00
2015.05.15 07:05:38.412,1.52824,1.52873,1.37,1.12
2015.05.15 07:05:39.791,1.52824,1.52875,1.00,1.37
2015.05.15 07:05:40.340,1.52823,1.52871,1.00,1.00
2015.05.15 07:05:40.473,1.52823,1.52865,1.00,1.75
2015.05.15 07:05:40.524,1.52814,1.52865,1.37,1.75
2015.05.15 07:05:41.269,1.52813,1.52857,1.12,1.50
2015.05.15 07:05:41.787,1.52814,1.52855,1.00,1.37
2015.05.15 07:05:42.320,1.52813,1.52855,1.00,1.37
2015.05.15 07:05:42.370,1.52813,1.52859,1.37,1.37
2015.05.15 07:05:42.472,1.52814,1.52861,1.37,1.37
2015.05.15 07:05:42.983,1.52814,1.52862,1.50,1.37
2015.05.15 07:05:43.185,1.52814,1.52862,1.75,1.37
2015.05.15 07:05:43.286,1.52815,1.52862,1.12,1.12
2015.05.15 07:05:43.488,1.52814,1.52862,1.75,1.00
2015.05.15 07:05:43.539,1.52824,1.52862,1.00,1.00
2015.05.15 07:05:43.640,1.52816,1.52863,1.00,1.00
2015.05.15 07:05:43.731,1.52814,1.52861,1.00,1.00
2015.05.15 07:05:45.078,1.52813,1.52861,1.00,1.00
2015.05.15 07:05:45.590,1.52814,1.5286,1.00,1.00
2015.05.15 07:05:46.405,1.52814,1.5286,1.00,2.25
2015.05.15 07:05:47.297,1.52814,1.5286,1.00,3.00
2015.05.15 07:05:47.711,1.52808,1.52856,1.37,1.75
2015.05.15 07:05:47.812,1.52808,1.52856,1.12,1.75
2015.05.15 07:05:48.224,1.52803,1.52852,2.25,1.00
2015.05.15 07:05:48.275,1.52813,1.5286,1.12,1.75
2015.05.15 07:05:49.001,1.52814,1.52861,1.50,1.37
2015.05.15 07:05:49.388,1.52814,1.5286,1.12,1.50
2015.05.15 07:05:49.489,1.52813,1.52856,1.00,1.50
2015.05.15 07:05:49.590,1.52808,1.52856,1.87,1.50
2015.05.15 07:05:50.121,1.52814,1.52856,1.00,1.50
2015.05.15 07:05:50.281,1.52814,1.52856,1.00,1.00
2015.05.15 07:05:50.332,1.52809,1.52856,1.00,1.00
2015.05.15 07:05:50.382,1.52813,1.52856,1.75,1.00
2015.05.15 07:05:50.433,1.52813,1.52862,2.25,1.87
2015.05.15 07:05:50.484,1.52818,1.52862,1.75,1.00
2015.05.15 07:05:50.534,1.52818,1.52867,1.75,1.00
2015.05.15 07:05:50.691,1.52829,1.52873,1.00,1.00
2015.05.15 07:05:51.087,1.52826,1.52879,1.37,1.87
2015.05.15 07:05:52.180,1.52826,1.52879,1.37,3.00
2015.05.15 07:05:54.018,1.52826,1.52877,1.00,1.37
2015.05.15 07:05:54.119,1.52826,1.52879,1.75,1.50
2015.05.15 07:05:54.653,1.52829,1.52878,1.75,1.00
2015.05.15 07:05:54.704,1.52826,1.52878,1.75,1.00
2015.05.15 07:05:54.755,1.52826,1.52873,1.75,1.00
2015.05.15 07:05:54.856,1.52821,1.52867,1.00,1.00
2015.05.15 07:05:54.907,1.52821,1.52864,1.00,1.75
2015.05.15 07:05:55.059,1.52814,1.5286,1.50,1.37
2015.05.15 07:05:55.583,1.52813,1.52856,1.00,1.50
2015.05.15 07:05:55.952,1.52824,1.52856,1.00,1.00
2015.05.15 07:05:56.003,1.52824,1.52861,1.00,1.12
2015.05.15 07:05:56.508,1.52823,1.52864,1.00,1.75
2015.05.15 07:05:56.807,1.52823,1.52864,1.00,1.00
2015.05.15 07:05:57.396,1.52823,1.52864,1.00,1.37
2015.05.15 07:05:57.733,1.52823,1.52864,1.00,1.00
2015.05.15 07:05:57.834,1.52823,1.52867,1.12,1.12
2015.05.15 07:05:57.935,1.52834,1.5287,1.00,1.50
2015.05.15 07:05:58.301,1.52833,1.52874,1.12,2.25
2015.05.15 07:05:58.402,1.52833,1.52874,1.37,1.00
2015.05.15 07:05:58.835,1.52833,1.5288,1.37,1.37
2015.05.15 07:05:58.936,1.52834,1.5288,1.00,1.00
2015.05.15 07:05:59.087,1.52834,1.52872,1.00,1.00
2015.05.15 07:05:59.390,1.52833,1.52868,1.00,1.00
2015.05.15 07:05:59.795,1.52823,1.52868,1.50,1.00
2015.05.15 07:05:59.896,1.52824,1.52866,1.00,1.37
2015.05.15 07:06:00.204,1.52824,1.52867,1.00,1.37
2015.05.15 07:06:00.305,1.52824,1.52867,1.50,1.00
2015.05.15 07:06:00.740,1.52824,1.52865,1.00,1.00
2015.05.15 07:06:01.044,1.52823,1.52861,1.00,1.00
2015.05.15 07:06:01.145,1.52824,1.52863,1.00,1.12
2015.05.15 07:06:01.324,1.52824,1.52861,1.00,1.00
2015.05.15 07:06:02.023,1.52824,1.52861,1.00,1.87
2015.05.15 07:06:02.656,1.52813,1.5286,1.00,1.00
2015.05.15 07:06:03.178,1.52814,1.5286,1.00,1.00
2015.05.15 07:06:03.228,1.52814,1.52856,1.00,1.00
2015.05.15 07:06:03.662,1.52824,1.5286,1.00,1.00
2015.05.15 07:06:03.965,1.52824,1.52862,1.00,1.12
2015.05.15 07:06:04.419,1.52814,1.52862,1.12,1.12
2015.05.15 07:06:04.470,1.52813,1.52861,1.87,1.37
2015.05.15 07:06:04.817,1.52814,1.52856,1.00,1.00
2015.05.15 07:06:04.968,1.52814,1.52858,1.00,1.12
2015.05.15 07:06:05.354,1.52814,1.52862,1.37,2.25
2015.05.15 07:06:06.824,1.52824,1.52862,1.00,3.00
2015.05.15 07:06:07.361,1.52814,1.52857,1.00,1.37
2015.05.15 07:06:07.831,1.52823,1.52857,1.00,1.37
2015.05.15 07:06:08.484,1.52823,1.52857,1.00,1.00
2015.05.15 07:06:08.986,1.52823,1.52862,1.00,1.87
2015.05.15 07:06:09.140,1.52814,1.52862,1.37,1.87
2015.05.15 07:06:09.943,1.52814,1.52862,1.87,1.00
2015.05.15 07:06:10.245,1.52819,1.52863,1.37,1.00
2015.05.15 07:06:10.346,1.52816,1.52863,1.37,1.00
2015.05.15 07:06:10.397,1.52816,1.52867,2.25,1.00
2015.05.15 07:06:10.553,1.52821,1.52867,1.37,1.00
2015.05.15 07:06:10.604,1.52821,1.52872,1.37,1.12
2015.05.15 07:06:10.655,1.52817,1.52869,1.00,1.00
2015.05.15 07:06:10.706,1.52823,1.52869,1.00,1.00
2015.05.15 07:06:10.908,1.52816,1.52867,1.00,2.25
2015.05.15 07:06:10.958,1.52819,1.52867,1.00,1.00
2015.05.15 07:06:11.261,1.52824,1.52862,1.00,1.00
2015.05.15 07:06:11.362,1.52814,1.52862,1.00,1.00
2015.05.15 07:06:11.849,1.52814,1.52859,1.00,1.00
2015.05.15 07:06:12.000,1.52817,1.52867,1.12,1.00
2015.05.15 07:06:12.202,1.52814,1.52863,1.00,1.00
2015.05.15 07:06:12.552,1.52834,1.52874,1.00,2.47
2015.05.15 07:06:12.602,1.52834,1.5287,1.00,1.00
2015.05.15 07:06:12.653,1.52825,1.52874,1.00,1.37
2015.05.15 07:06:12.704,1.52824,1.52863,1.00,1.00
2015.05.15 07:06:12.906,1.52814,1.52857,1.00,1.00
2015.05.15 07:06:13.007,1.52823,1.52861,1.00,1.00
2015.05.15 07:06:13.108,1.52813,1.52861,1.00,1.00
2015.05.15 07:06:13.209,1.52824,1.52862,1.00,1.00
2015.05.15 07:06:13.323,1.52814,1.52862,1.00,1.00
2015.05.15 07:06:13.858,1.52824,1.52862,1.00,1.00
2015.05.15 07:06:13.909,1.52824,1.52865,1.00,1.00
2015.05.15 07:06:14.132,1.52824,1.52868,1.00,1.00
2015.05.15 07:06:14.899,1.52824,1.52868,1.00,1.37
2015.05.15 07:06:15.564,1.52824,1.52868,1.00,1.00
2015.05.15 07:06:15.665,1.52824,1.5287,1.37,1.00
2015.05.15 07:06:15.716,1.52827,1.52875,1.37,1.72
2015.05.15 07:06:15.766,1.52833,1.52875,1.12,1.35
2015.05.15 07:06:15.817,1.52833,1.5288,1.12,1.87
2015.05.15 07:06:15.868,1.52834,1.5288,1.00,1.87
2015.05.15 07:06:15.973,1.52827,1.5288,1.75,2.62
2015.05.15 07:06:16.688,1.52827,1.52878,1.75,1.00
2015.05.15 07:06:17.074,1.5283,1.5288,1.50,1.00
2015.05.15 07:06:17.338,1.5283,1.52878,1.12,1.00
2015.05.15 07:06:17.547,1.5283,1.5288,1.12,1.87
2015.05.15 07:06:17.699,1.52834,1.5288,1.00,1.87
2015.05.15 07:06:18.202,1.52833,1.52878,1.00,1.37
2015.05.15 07:06:19.207,1.52833,1.52877,1.00,1.37
2015.05.15 07:06:19.610,1.52827,1.52875,1.50,1.12
2015.05.15 07:06:19.660,1.52827,1.52872,1.50,1.00
2015.05.15 07:06:19.963,1.52823,1.52869,1.00,1.37
2015.05.15 07:06:20.475,1.52823,1.52868,1.00,1.87
2015.05.15 07:06:20.737,1.52823,1.52871,1.37,1.00
2015.05.15 07:06:20.838,1.52823,1.52871,1.37,1.00
2015.05.15 07:06:21.089,1.52825,1.52875,1.75,1.12
2015.05.15 07:06:21.246,1.52826,1.52878,1.87,1.12
2015.05.15 07:06:21.693,1.52834,1.5288,1.00,1.37
2015.05.15 07:06:21.994,1.52834,1.52875,1.00,1.37
2015.05.15 07:06:22.337,1.52813,1.52865,1.37,1.37
2015.05.15 07:06:22.389,1.52813,1.52863,1.12,1.37
2015.05.15 07:06:23.145,1.52813,1.52858,1.00,1.00
2015.05.15 07:06:23.500,1.52805,1.52856,1.37,1.37
2015.05.15 07:06:23.802,1.52813,1.52858,1.37,1.50
2015.05.15 07:06:24.927,1.52813,1.5286,1.75,1.50
2015.05.15 07:06:25.029,1.52815,1.52865,1.12,1.00
2015.05.15 07:06:25.130,1.52818,1.52868,1.12,1.87
2015.05.15 07:06:25.629,1.52824,1.52868,1.00,1.37
2015.05.15 07:06:26.034,1.52824,1.52868,1.00,1.87
2015.05.15 07:06:26.084,1.52814,1.52866,2.25,1.37
2015.05.15 07:06:26.340,1.52814,1.52865,2.62,1.37
2015.05.15 07:06:26.542,1.52814,1.52864,1.87,1.37
2015.05.15 07:06:27.632,1.52814,1.52865,1.00,2.25
2015.05.15 07:06:30.763,1.52814,1.52864,1.37,1.37
2015.05.15 07:06:30.965,1.52813,1.52864,1.75,1.00
2015.05.15 07:06:31.267,1.52815,1.52864,1.37,1.00
2015.05.15 07:06:31.318,1.52815,1.52867,1.87,1.37
2015.05.15 07:06:31.750,1.52819,1.52868,1.12,1.00
2015.05.15 07:06:31.801,1.52819,1.52871,1.75,2.25
2015.05.15 07:06:32.453,1.52823,1.52871,1.37,1.00
2015.05.15 07:06:32.755,1.52826,1.52874,1.12,1.00
2015.05.15 07:06:32.856,1.52826,1.52876,1.12,1.50
2015.05.15 07:06:35.884,1.52827,1.52877,1.50,2.25
2015.05.15 07:06:36.061,1.52827,1.52877,1.87,1.50
2015.05.15 07:06:36.162,1.52834,1.52879,1.00,1.12
2015.05.15 07:06:36.682,1.52833,1.52879,1.00,1.87
2015.05.15 07:06:37.517,1.52827,1.52877,1.87,1.00
2015.05.15 07:06:37.863,1.52827,1.52875,1.50,1.00
2015.05.15 07:06:38.168,1.52842,1.52878,1.00,1.00
2015.05.15 07:06:38.219,1.52842,1.52883,1.00,1.00
2015.05.15 07:06:38.320,1.52844,1.52883,1.00,1.00
2015.05.15 07:06:38.421,1.52844,1.52889,1.00,1.00
2015.05.15 07:06:38.773,1.52844,1.52888,1.00,1.37
2015.05.15 07:06:38.824,1.52837,1.52888,1.37,1.37
2015.05.15 07:06:38.954,1.52837,1.52886,1.12,1.00
2015.05.15 07:06:39.444,1.52837,1.52885,1.50,1.00
2015.05.15 07:06:40.191,1.5284,1.52884,1.00,1.00
2015.05.15 07:06:40.898,1.5284,1.52885,1.00,1.50
2015.05.15 07:06:44.959,1.52842,1.52885,1.37,1.37
2015.05.15 07:06:45.262,1.52842,1.52885,1.00,1.37
2015.05.15 07:06:45.463,1.52842,1.52885,1.00,2.25
2015.05.15 07:06:45.564,1.52842,1.52882,1.00,1.50
2015.05.15 07:06:45.927,1.52842,1.52887,1.00,1.37
2015.05.15 07:06:46.132,1.52835,1.52887,1.12,1.37
2015.05.15 07:06:46.183,1.52835,1.52887,1.12,1.75
2015.05.15 07:06:46.499,1.52835,1.52884,1.37,1.37
2015.05.15 07:06:47.419,1.52834,1.52883,2.25,1.50
2015.05.15 07:06:47.721,1.52833,1.5287,1.00,1.12
2015.05.15 07:06:47.873,1.52822,1.5287,1.37,1.12
2015.05.15 07:06:47.923,1.52827,1.52874,1.00,2.10
2015.05.15 07:06:48.136,1.52827,1.52877,1.75,1.12
2015.05.15 07:06:48.658,1.5283,1.52878,1.00,1.00
2015.05.15 07:06:48.815,1.52845,1.52878,1.00,1.00
2015.05.15 07:06:48.916,1.52846,1.52888,1.12,1.37
2015.05.15 07:06:48.966,1.52853,1.52888,1.00,1.00
2015.05.15 07:06:49.084,1.52852,1.529,1.00,1.87
2015.05.15 07:06:49.189,1.52848,1.52887,2.25,1.37
2015.05.15 07:06:49.240,1.52844,1.52886,1.37,1.12
2015.05.15 07:06:49.341,1.52844,1.52886,1.00,1.37
2015.05.15 07:06:49.443,1.52838,1.52883,1.87,1.00
2015.05.15 07:06:49.645,1.52843,1.52881,1.00,1.00
2015.05.15 07:06:49.746,1.52834,1.52878,1.37,1.00
2015.05.15 07:06:49.797,1.52833,1.52878,1.50,1.00
2015.05.15 07:06:50.031,1.52833,1.52878,1.50,1.00
2015.05.15 07:06:50.132,1.52834,1.52883,1.37,1.37
2015.05.15 07:06:50.666,1.52834,1.52884,1.37,1.00
2015.05.15 07:06:50.717,1.52836,1.52884,1.50,1.00
2015.05.15 07:06:51.079,1.52836,1.52886,1.75,1.87
2015.05.15 07:06:51.130,1.52834,1.52886,2.25,1.87
2015.05.15 07:06:51.231,1.52838,1.52883,1.00,1.00
2015.05.15 07:06:51.332,1.52838,1.52887,1.00,1.37
2015.05.15 07:06:52.022,1.52838,1.52887,1.12,1.00
2015.05.15 07:06:52.072,1.52834,1.52885,1.75,1.00
2015.05.15 07:06:52.569,1.52833,1.52885,2.62,1.37
2015.05.15 07:06:54.213,1.52835,1.52885,1.00,1.12
2015.05.15 07:06:54.714,1.52834,1.52885,1.75,1.37
2015.05.15 07:07:01.132,1.52834,1.52885,1.00,1.00
2015.05.15 07:07:01.567,1.52834,1.52882,1.00,1.00
2015.05.15 07:07:01.883,1.52834,1.52879,1.00,2.62
2015.05.15 07:07:01.934,1.52834,1.52879,1.00,1.50
2015.05.15 07:07:01.985,1.52834,1.52882,1.00,1.00
2015.05.15 07:07:02.036,1.52834,1.52882,1.37,1.00
2015.05.15 07:07:02.338,1.52839,1.52885,1.12,1.00
2015.05.15 07:07:02.566,1.52839,1.52887,1.12,1.00
2015.05.15 07:07:02.667,1.52843,1.52889,1.00,1.00
2015.05.15 07:07:03.169,1.52844,1.52892,1.00,1.37
2015.05.15 07:07:05.109,1.52843,1.52892,1.12,1.37
2015.05.15 07:07:05.412,1.52844,1.52893,1.37,1.37
2015.05.15 07:07:05.927,1.52844,1.5289,1.00,1.37
2015.05.15 07:07:06.449,1.52843,1.52889,1.00,1.12
2015.05.15 07:07:07.582,1.52843,1.5289,1.37,1.37
2015.05.15 07:07:08.984,1.52843,1.5289,1.37,1.00
2015.05.15 07:07:09.245,1.52843,1.52893,1.37,1.87
2015.05.15 07:07:09.695,1.52843,1.52889,1.37,1.00
2015.05.15 07:07:09.796,1.52843,1.52891,1.37,1.00
2015.05.15 07:07:10.431,1.52843,1.52892,1.37,1.87
2015.05.15 07:07:11.610,1.52843,1.52888,1.37,1.00
2015.05.15 07:07:11.711,1.52843,1.52891,1.37,1.50
2015.05.15 07:07:12.191,1.52846,1.52892,2.25,1.00
2015.05.15 07:07:12.331,1.52846,1.52896,2.25,1.37
2015.05.15 07:07:12.483,1.52851,1.52896,1.37,1.12
2015.05.15 07:07:12.960,1.52854,1.52898,1.00,1.12
2015.05.15 07:07:13.499,1.52853,1.52898,1.12,1.12
2015.05.15 07:07:14.620,1.52853,1.52897,1.12,1.00
2015.05.15 07:07:15.399,1.52853,1.52898,1.12,1.12
2015.05.15 07:07:15.849,1.52854,1.52898,1.37,1.87
2015.05.15 07:07:16.182,1.5286,1.52906,1.12,2.62
2015.05.15 07:07:16.687,1.52863,1.52903,1.00,1.37
2015.05.15 07:07:16.788,1.5286,1.52904,1.37,1.00
2015.05.15 07:07:16.889,1.5286,1.52906,1.87,1.00
2015.05.15 07:07:17.022,1.52864,1.52911,1.50,1.60
2015.05.15 07:07:17.477,1.52864,1.52911,1.00,1.12
2015.05.15 07:07:17.578,1.52864,1.52906,1.00,1.00
2015.05.15 07:07:18.120,1.52864,1.52908,1.00,1.37
2015.05.15 07:07:18.645,1.52865,1.52908,1.37,1.00
2015.05.15 07:07:18.746,1.52869,1.52912,1.00,1.00
2015.05.15 07:07:18.948,1.52869,1.52913,1.50,1.00
2015.05.15 07:07:18.999,1.52872,1.52916,1.12,2.25
2015.05.15 07:07:19.100,1.52873,1.52913,1.37,1.00
2015.05.15 07:07:19.294,1.52867,1.52906,1.12,1.00
2015.05.15 07:07:19.445,1.52864,1.52909,1.37,1.00
2015.05.15 07:07:19.608,1.52864,1.52909,1.37,1.37
2015.05.15 07:07:19.759,1.52861,1.52906,1.12,1.00
2015.05.15 07:07:20.819,1.5286,1.52906,1.87,1.00
2015.05.15 07:07:21.475,1.5286,1.52906,1.87,1.37
2015.05.15 07:07:22.227,1.52859,1.52906,2.25,1.37
2015.05.15 07:07:22.751,1.52859,1.52902,1.75,1.12
2015.05.15 07:07:23.054,1.52858,1.52897,1.00,1.12
2015.05.15 07:07:23.567,1.52857,1.52896,1.12,1.00
2015.05.15 07:07:23.617,1.52857,1.52901,1.12,1.87
2015.05.15 07:07:24.800,1.52857,1.52902,1.75,1.37
2015.05.15 07:07:27.409,1.52858,1.52904,1.00,1.67
2015.05.15 07:07:28.211,1.52858,1.52904,1.12,2.10
2015.05.15 07:07:28.312,1.52863,1.52906,1.37,1.12
2015.05.15 07:07:28.413,1.52863,1.52914,1.12,2.85
2015.05.15 07:07:28.514,1.52864,1.52914,1.75,2.10
2015.05.15 07:07:29.118,1.52864,1.52914,2.25,1.72
2015.05.15 07:07:29.609,1.52864,1.52914,2.25,2.10
2015.05.15 07:07:30.217,1.52868,1.52914,1.00,1.72
2015.05.15 07:07:30.619,1.52867,1.52914,1.12,1.72
2015.05.15 07:07:30.922,1.52871,1.52916,1.12,1.97
2015.05.15 07:07:31.436,1.52874,1.52914,1.00,1.35
2015.05.15 07:07:31.690,1.52867,1.52919,2.25,1.75
2015.05.15 07:07:31.841,1.52866,1.52919,1.87,1.75
2015.05.15 07:07:32.255,1.52867,1.52919,1.75,1.37
2015.05.15 07:07:32.562,1.52871,1.52919,1.87,1.37
2015.05.15 07:07:32.763,1.52878,1.52924,1.00,1.12
2015.05.15 07:07:33.307,1.52878,1.52926,1.12,1.37
2015.05.15 07:07:33.358,1.52876,1.52926,1.00,1.50
2015.05.15 07:07:33.459,1.52875,1.52926,1.50,1.87
2015.05.15 07:07:33.561,1.52871,1.52924,2.25,1.75
2015.05.15 07:07:33.763,1.52871,1.52921,1.00,1.12
2015.05.15 07:07:33.864,1.52869,1.52918,1.87,1.37
2015.05.15 07:07:34.375,1.52869,1.52916,1.00,1.00
2015.05.15 07:07:35.107,1.52869,1.52917,1.00,1.12
2015.05.15 07:07:36.252,1.5287,1.52918,1.00,1.37
2015.05.15 07:07:36.551,1.5287,1.52918,1.37,1.00
2015.05.15 07:07:37.028,1.52872,1.52925,1.50,1.50
2015.05.15 07:07:37.342,1.52872,1.52925,1.50,1.37
2015.05.15 07:07:37.675,1.52872,1.52925,1.50,1.50
2015.05.15 07:07:39.197,1.52874,1.5292,1.00,1.12
2015.05.15 07:07:39.298,1.52874,1.52926,1.00,1.87
2015.05.15 07:07:39.349,1.52874,1.52926,2.25,1.50
2015.05.15 07:07:39.551,1.52873,1.52925,1.00,1.75
2015.05.15 07:07:39.652,1.52873,1.52925,1.37,1.75
2015.05.15 07:07:39.753,1.52875,1.52925,1.00,1.87
2015.05.15 07:07:39.849,1.52876,1.52926,1.00,1.37
2015.05.15 07:07:40.000,1.52876,1.52921,1.00,1.00
2015.05.15 07:07:40.051,1.52871,1.52921,1.50,1.00
2015.05.15 07:07:40.153,1.52868,1.52919,1.75,1.00
2015.05.15 07:07:40.456,1.52873,1.52926,2.25,1.50
2015.05.15 07:07:40.506,1.52873,1.52921,2.25,1.00
2015.05.15 07:07:40.741,1.52873,1.52925,2.25,1.00
2015.05.15 07:07:40.842,1.52873,1.52925,1.00,1.50
2015.05.15 07:07:41.246,1.52872,1.52925,3.00,1.00
2015.05.15 07:07:41.498,1.52867,1.52921,1.87,1.50
2015.05.15 07:07:42.199,1.52866,1.5292,2.25,1.00
2015.05.15 07:07:42.350,1.52866,1.52913,1.75,1.00
2015.05.15 07:07:43.178,1.52869,1.52913,1.50,1.37
2015.05.15 07:07:43.762,1.5287,1.52913,1.00,1.00
2015.05.15 07:07:44.368,1.52868,1.52913,2.25,1.37
2015.05.15 07:07:44.620,1.52864,1.52915,1.12,1.75
2015.05.15 07:07:44.903,1.52866,1.52916,1.37,1.00
2015.05.15 07:07:44.956,1.52869,1.52917,1.37,1.00
2015.05.15 07:07:45.570,1.52873,1.52918,1.00,1.00
2015.05.15 07:07:45.905,1.52873,1.52916,1.00,1.00
2015.05.15 07:07:45.956,1.52866,1.52916,1.75,1.00
2015.05.15 07:07:46.006,1.52865,1.52912,1.75,1.00
2015.05.15 07:07:46.611,1.52865,1.52912,2.25,1.37
2015.05.15 07:07:46.813,1.52865,1.52912,1.75,1.00
2015.05.15 07:07:47.195,1.52865,1.52912,1.75,1.37
2015.05.15 07:07:47.296,1.52865,1.52916,1.37,1.37
2015.05.15 07:07:47.397,1.52868,1.52916,1.00,1.12
2015.05.15 07:07:47.901,1.52868,1.52918,1.87,1.37
2015.05.15 07:07:48.228,1.5287,1.52917,1.87,1.37
2015.05.15 07:07:48.380,1.5287,1.52917,1.75,1.12
2015.05.15 07:07:48.481,1.5287,1.52916,1.75,1.50
2015.05.15 07:07:48.683,1.5286,1.52906,1.75,1.37
2015.05.15 07:07:49.213,1.52859,1.52905,1.75,1.37
2015.05.15 07:07:49.495,1.5286,1.52905,1.12,1.12
2015.05.15 07:07:51.657,1.52856,1.52905,1.12,1.37
2015.05.15 07:07:51.708,1.52854,1.52905,1.75,1.50
2015.05.15 07:07:52.119,1.52855,1.52906,1.12,2.62
2015.05.15 07:07:52.622,1.52854,1.52905,1.75,1.37
2015.05.15 07:07:54.599,1.52856,1.52906,1.12,1.75
2015.05.15 07:07:55.129,1.52857,1.52907,1.87,1.00
2015.05.15 07:07:55.229,1.52857,1.52907,2.25,1.12
2015.05.15 07:07:56.688,1.52857,1.52907,1.87,1.87
2015.05.15 07:07:56.996,1.52848,1.52897,2.25,1.37
2015.05.15 07:07:57.301,1.52848,1.52896,1.50,1.37
2015.05.15 07:07:57.352,1.52854,1.52897,1.00,1.37
2015.05.15 07:07:57.738,1.52854,1.52897,1.00,1.12
2015.05.15 07:07:58.158,1.52854,1.52899,1.50,1.12
2015.05.15 07:07:58.719,1.52855,1.52899,1.12,1.00
2015.05.15 07:07:58.826,1.52855,1.52899,1.37,1.00
2015.05.15 07:07:58.927,1.52857,1.52902,1.37,1.00
2015.05.15 07:07:59.351,1.52864,1.52903,1.00,1.00
2015.05.15 07:07:59.553,1.52854,1.52903,1.37,1.12
2015.05.15 07:08:00.430,1.52854,1.52903,1.50,1.12
2015.05.15 07:08:00.531,1.52854,1.52903,1.87,1.50
2015.05.15 07:08:02.554,1.52854,1.52902,2.25,1.12
2015.05.15 07:08:02.757,1.52861,1.52906,1.00,1.37
2015.05.15 07:08:02.808,1.52858,1.52906,1.00,1.37
2015.05.15 07:08:02.858,1.52864,1.52907,1.00,1.37
2015.05.15 07:08:03.399,1.52863,1.52904,1.00,1.00
2015.05.15 07:08:04.022,1.52863,1.52904,1.00,1.37
2015.05.15 07:08:04.350,1.52864,1.52897,1.00,1.75
2015.05.15 07:08:04.401,1.52854,1.52897,1.00,1.75
2015.05.15 07:08:04.624,1.52854,1.52897,1.00,1.37
2015.05.15 07:08:04.725,1.52854,1.52895,1.00,1.37
2015.05.15 07:08:05.027,1.52854,1.52892,1.00,1.75
2015.05.15 07:08:05.179,1.52844,1.5289,1.50,1.75
2015.05.15 07:08:05.409,1.52846,1.52891,1.00,1.75
2015.05.15 07:08:05.460,1.52846,1.52891,1.37,1.37
2015.05.15 07:08:05.561,1.52848,1.52891,1.37,1.37
2015.05.15 07:08:06.234,1.52849,1.52896,1.37,1.75
2015.05.15 07:08:06.366,1.52849,1.52896,1.37,1.37
2015.05.15 07:08:06.468,1.52847,1.52899,1.87,1.87
2015.05.15 07:08:06.770,1.52843,1.52891,1.75,1.37
2015.05.15 07:08:07.073,1.52843,1.52893,1.37,1.75
2015.05.15 07:08:07.881,1.52843,1.52893,1.37,1.75
2015.05.15 07:08:08.194,1.52844,1.52893,1.50,1.50
2015.05.15 07:08:08.534,1.52844,1.52889,1.00,1.75
2015.05.15 07:08:09.263,1.52844,1.52883,1.00,1.37
2015.05.15 07:08:09.364,1.52836,1.52882,1.00,1.37
2015.05.15 07:08:09.465,1.52836,1.52882,1.00,1.75
2015.05.15 07:08:09.902,1.52834,1.52882,1.00,1.75
2015.05.15 07:08:10.368,1.52834,1.52882,1.12,1.37
2015.05.15 07:08:10.469,1.52834,1.52883,1.12,1.50
2015.05.15 07:08:10.572,1.52834,1.52888,2.62,1.12
2015.05.15 07:08:10.623,1.52841,1.52888,1.00,1.12
2015.05.15 07:08:11.121,1.52843,1.52887,1.00,1.00
2015.05.15 07:08:11.322,1.52841,1.52887,1.00,1.00
2015.05.15 07:08:11.479,1.52841,1.52893,1.00,2.62
2015.05.15 07:08:11.529,1.52844,1.52893,1.00,2.62
2015.05.15 07:08:11.830,1.52843,1.52891,1.00,1.75
2015.05.15 07:08:12.133,1.52844,1.52886,1.00,1.75
2015.05.15 07:08:12.299,1.52836,1.52886,1.00,1.75
2015.05.15 07:08:12.450,1.52844,1.52882,1.00,1.12
2015.05.15 07:08:12.650,1.52834,1.5288,1.50,1.00
2015.05.15 07:08:12.751,1.52834,1.52884,1.00,1.50
2015.05.15 07:08:12.803,1.52836,1.52885,1.00,1.37
2015.05.15 07:08:12.904,1.52839,1.52889,1.50,1.37
2015.05.15 07:08:12.955,1.52843,1.52889,1.00,1.00
2015.05.15 07:08:13.207,1.52844,1.52895,1.00,1.50
2015.05.15 07:08:14.048,1.52844,1.52895,1.12,1.87
2015.05.15 07:08:14.359,1.52847,1.52896,1.00,1.37
2015.05.15 07:08:14.900,1.52846,1.52896,1.37,1.37
2015.05.15 07:08:16.121,1.52846,1.52896,1.00,1.87
2015.05.15 07:08:16.373,1.52846,1.52896,1.00,2.25
2015.05.15 07:08:16.697,1.52843,1.52891,1.50,2.25
2015.05.15 07:08:16.849,1.5284,1.52891,1.00,2.25
2015.05.15 07:08:17.189,1.52838,1.52889,1.00,1.37
2015.05.15 07:08:18.008,1.52837,1.52889,1.87,1.37
2015.05.15 07:08:18.259,1.52837,1.52889,2.25,1.00
2015.05.15 07:08:18.461,1.52843,1.52891,1.00,1.00
2015.05.15 07:08:18.777,1.52847,1.52891,1.00,1.75
2015.05.15 07:08:18.917,1.52845,1.52891,1.00,1.75
2015.05.15 07:08:18.968,1.52845,1.52891,1.00,1.37
2015.05.15 07:08:19.387,1.52849,1.52896,1.12,1.95
2015.05.15 07:08:19.438,1.52853,1.529,1.00,1.75
2015.05.15 07:08:19.539,1.52845,1.52895,1.87,1.37
2015.05.15 07:08:19.690,1.52848,1.52901,1.00,2.62
2015.05.15 07:08:19.791,1.52848,1.52898,1.00,1.75
2015.05.15 07:08:19.914,1.52844,1.52897,1.87,1.87
2015.05.15 07:08:19.964,1.52844,1.52897,1.50,2.25
2015.05.15 07:08:20.181,1.52848,1.52897,1.00,1.87
2015.05.15 07:08:21.590,1.52848,1.52897,1.50,1.00
2015.05.15 07:08:21.691,1.52851,1.52897,1.00,1.00
2015.05.15 07:08:21.956,1.52853,1.52901,1.50,1.00
2015.05.15 07:08:22.539,1.52854,1.52901,1.00,1.00
2015.05.15 07:08:22.589,1.52854,1.52901,1.00,1.37
2015.05.15 07:08:22.892,1.52849,1.52896,1.00,1.12
2015.05.15 07:08:24.323,1.52849,1.52891,1.00,1.12
2015.05.15 07:08:24.425,1.52843,1.52893,2.25,1.12
2015.05.15 07:08:24.526,1.52843,1.52891,1.50,1.12
2015.05.15 07:08:24.627,1.52841,1.52886,1.00,1.37
2015.05.15 07:08:24.728,1.52841,1.52886,1.00,1.37
2015.05.15 07:08:25.097,1.52841,1.52886,1.00,1.00
2015.05.15 07:08:25.199,1.52843,1.52886,1.50,1.00
2015.05.15 07:08:25.446,1.52843,1.52891,1.50,1.50
2015.05.15 07:08:25.648,1.52845,1.52891,1.00,1.12
2015.05.15 07:08:26.152,1.52844,1.52891,1.00,1.50
2015.05.15 07:08:26.454,1.52841,1.52888,1.00,1.12
2015.05.15 07:08:27.025,1.52843,1.52888,1.00,1.12
2015.05.15 07:08:27.362,1.52841,1.52888,1.00,1.12
2015.05.15 07:08:27.585,1.52844,1.52888,1.00,1.12
2015.05.15 07:08:28.108,1.52844,1.52888,1.00,1.37
2015.05.15 07:08:28.366,1.52842,1.52888,1.00,1.37
2015.05.15 07:08:28.668,1.5284,1.52888,1.00,1.37
2015.05.15 07:08:28.986,1.52844,1.52888,1.00,1.37
2015.05.15 07:08:29.426,1.52844,1.52886,1.00,1.50
2015.05.15 07:08:29.730,1.52853,1.52886,1.00,1.12
2015.05.15 07:08:29.831,1.52853,1.52893,1.00,1.50
2015.05.15 07:08:29.882,1.52853,1.52893,1.00,1.12
2015.05.15 07:08:29.983,1.5285,1.52893,1.00,1.00
2015.05.15 07:08:30.033,1.52856,1.52898,1.00,1.37
2015.05.15 07:08:30.169,1.52853,1.52898,1.00,1.00
2015.05.15 07:08:30.220,1.52853,1.52896,1.00,1.00
2015.05.15 07:08:30.321,1.52854,1.52898,1.00,1.00
2015.05.15 07:08:30.371,1.52856,1.52898,1.00,1.00
2015.05.15 07:08:30.422,1.52856,1.52903,1.00,1.35
2015.05.15 07:08:30.472,1.52858,1.52907,1.00,2.47
2015.05.15 07:08:30.996,1.52858,1.52907,1.00,1.87
2015.05.15 07:08:31.322,1.5286,1.52907,1.00,1.37
2015.05.15 07:08:31.847,1.5286,1.52907,1.37,1.37
2015.05.15 07:08:32.189,1.52857,1.52901,1.00,1.12
2015.05.15 07:08:32.240,1.52849,1.52901,1.87,1.50
2015.05.15 07:08:32.291,1.52853,1.52901,1.00,1.50
2015.05.15 07:08:32.593,1.52856,1.52901,1.00,1.00
2015.05.15 07:08:32.694,1.52857,1.52905,1.00,1.00
2015.05.15 07:08:32.795,1.5286,1.52905,1.50,1.00
2015.05.15 07:08:32.980,1.5286,1.52911,1.50,1.60
2015.05.15 07:08:33.030,1.52862,1.52911,1.00,1.60
2015.05.15 07:08:33.192,1.5286,1.52911,1.50,1.60
2015.05.15 07:08:33.242,1.5286,1.52907,1.00,1.00
2015.05.15 07:08:33.582,1.52855,1.52901,1.00,1.12
2015.05.15 07:08:33.834,1.52849,1.52901,1.00,1.87
2015.05.15 07:08:34.119,1.52848,1.52893,1.00,1.00
2015.05.15 07:08:34.220,1.52845,1.52893,1.00,1.00
2015.05.15 07:08:34.787,1.52845,1.52893,1.00,1.75
2015.05.15 07:08:35.806,1.52845,1.52893,1.00,1.37
2015.05.15 07:08:36.008,1.52844,1.52893,1.00,2.25
2015.05.15 07:08:36.167,1.5284,1.52891,1.87,1.75
2015.05.15 07:08:36.218,1.5284,1.52889,1.00,1.75
2015.05.15 07:08:36.520,1.52844,1.52887,1.00,1.00
2015.05.15 07:08:36.570,1.52844,1.52892,1.00,1.00
2015.05.15 07:08:37.101,1.52845,1.52892,1.87,1.12
2015.05.15 07:08:37.202,1.52847,1.529,1.37,1.00
2015.05.15 07:08:37.303,1.52852,1.529,1.75,1.00
2015.05.15 07:08:37.555,1.52857,1.52905,1.00,1.00
2015.05.15 07:08:37.605,1.52857,1.52905,1.00,1.37
2015.05.15 07:08:38.079,1.52854,1.52905,1.50,1.37
2015.05.15 07:08:38.498,1.52855,1.52905,1.00,1.00
2015.05.15 07:08:39.887,1.52855,1.52905,1.00,1.37
2015.05.15 07:08:40.465,1.52855,1.52903,1.00,1.37
2015.05.15 07:08:41.146,1.52854,1.52903,1.00,1.37
2015.05.15 07:08:41.907,1.52854,1.52903,1.00,1.37
2015.05.15 07:08:42.294,1.52851,1.52898,1.00,1.12
2015.05.15 07:08:42.597,1.52848,1.52898,1.00,1.37
2015.05.15 07:08:42.647,1.52848,1.52898,1.00,1.37
2015.05.15 07:08:42.799,1.52849,1.529,1.00,1.50
2015.05.15 07:08:42.849,1.52852,1.529,1.12,1.87
2015.05.15 07:08:43.196,1.52856,1.52907,1.00,1.37
2015.05.15 07:08:44.725,1.52856,1.52905,1.00,1.75
2015.05.15 07:08:45.028,1.52857,1.529,1.00,1.87
2015.05.15 07:08:45.230,1.52854,1.529,1.00,1.87
2015.05.15 07:08:46.030,1.52854,1.529,1.00,1.50
2015.05.15 07:08:46.333,1.52859,1.52904,1.00,1.50
2015.05.15 07:08:46.660,1.52855,1.52904,1.00,1.87
2015.05.15 07:08:46.761,1.52853,1.52904,1.00,2.62
2015.05.15 07:08:46.861,1.52854,1.52898,1.00,1.37
2015.05.15 07:08:46.962,1.52848,1.52898,1.00,1.00
2015.05.15 07:08:47.649,1.52848,1.52898,1.00,1.37
2015.05.15 07:08:48.838,1.5285,1.52898,1.00,1.00
2015.05.15 07:08:49.139,1.52854,1.52898,1.00,1.00
2015.05.15 07:08:49.240,1.5285,1.52898,1.00,1.37
2015.05.15 07:08:49.542,1.52849,1.52898,1.00,1.37
2015.05.15 07:08:49.643,1.52846,1.52898,1.12,1.87
2015.05.15 07:08:53.060,1.52846,1.52895,1.00,1.12
2015.05.15 07:08:53.564,1.52844,1.52895,1.37,1.12
2015.05.15 07:08:54.075,1.52844,1.52892,1.37,1.00
2015.05.15 07:08:54.589,1.52845,1.52892,1.00,1.00
2015.05.15 07:08:55.101,1.52846,1.52892,1.12,1.00
2015.05.15 07:08:55.403,1.52853,1.52898,1.00,1.12
2015.05.15 07:08:55.555,1.52856,1.52904,1.00,1.37
2015.05.15 07:08:55.757,1.52854,1.52904,1.00,1.37
2015.05.15 07:08:55.858,1.52854,1.52901,1.00,1.97
2015.05.15 07:08:56.404,1.52847,1.52898,1.12,1.12
2015.05.15 07:08:56.455,1.52847,1.52898,1.00,1.87
2015.05.15 07:08:56.607,1.52844,1.52894,2.25,1.00
2015.05.15 07:08:56.658,1.52844,1.52894,2.25,1.37
2015.05.15 07:08:56.962,1.52841,1.52894,1.50,1.87
2015.05.15 07:08:57.126,1.52841,1.52888,1.50,1.00
2015.05.15 07:08:57.789,1.5284,1.52888,1.50,1.00
2015.05.15 07:08:58.495,1.5284,1.52888,1.50,1.37
2015.05.15 07:08:59.471,1.5284,1.52888,1.50,1.50
2015.05.15 07:09:00.473,1.5284,1.52888,1.00,1.37
2015.05.15 07:09:00.652,1.5284,1.52888,1.00,1.75
2015.05.15 07:09:00.753,1.5284,1.52888,1.00,1.37
2015.05.15 07:09:00.896,1.52841,1.52888,1.12,1.00
2015.05.15 07:09:00.997,1.52844,1.52888,1.00,1.00
2015.05.15 07:09:01.048,1.52844,1.52893,1.00,1.37
2015.05.15 07:09:01.569,1.52841,1.52893,1.12,1.12
2015.05.15 07:09:01.619,1.52844,1.52893,1.00,1.12
2015.05.15 07:09:01.922,1.52848,1.52893,1.00,1.37
2015.05.15 07:09:01.973,1.52844,1.52893,1.50,1.37
2015.05.15 07:09:04.278,1.52844,1.52891,1.50,1.37
2015.05.15 07:09:04.714,1.5284,1.52887,1.00,1.75
2015.05.15 07:09:05.197,1.52835,1.52886,1.00,1.12
2015.05.15 07:09:05.585,1.52835,1.52887,1.00,1.37
2015.05.15 07:09:06.514,1.52835,1.52886,1.87,1.37
2015.05.15 07:09:06.837,1.52834,1.52882,1.87,2.25
2015.05.15 07:09:07.291,1.52834,1.52882,1.00,2.25
2015.05.15 07:09:07.629,1.52833,1.52873,1.00,1.37
2015.05.15 07:09:08.284,1.52834,1.52873,1.00,1.37
2015.05.15 07:09:08.386,1.52825,1.52871,1.00,1.37
2015.05.15 07:09:08.696,1.52823,1.52868,1.00,1.37
2015.05.15 07:09:09.162,1.52819,1.52868,1.00,1.37
2015.05.15 07:09:09.213,1.52819,1.52868,1.00,1.75
2015.05.15 07:09:09.586,1.52819,1.52868,1.00,1.37
2015.05.15 07:09:10.297,1.52819,1.52868,1.00,1.12
2015.05.15 07:09:10.348,1.52823,1.52868,1.00,1.12
2015.05.15 07:09:10.791,1.52824,1.52873,2.25,1.37
2015.05.15 07:09:10.892,1.52829,1.52873,1.00,1.00
2015.05.15 07:09:10.993,1.52829,1.52878,1.00,1.12
2015.05.15 07:09:11.044,1.52831,1.52879,1.00,1.37
2015.05.15 07:09:11.094,1.52833,1.52883,1.00,1.12
2015.05.15 07:09:11.438,1.52834,1.52878,1.00,1.12
2015.05.15 07:09:11.488,1.52828,1.52878,1.50,1.12
2015.05.15 07:09:11.539,1.52831,1.52879,1.00,2.25
2015.05.15 07:09:11.590,1.52831,1.52879,1.00,1.37
2015.05.15 07:09:12.310,1.52832,1.52879,1.37,1.37
2015.05.15 07:09:12.612,1.52831,1.52879,1.87,1.50
2015.05.15 07:09:12.814,1.52829,1.52878,1.00,1.00
2015.05.15 07:09:12.865,1.52827,1.52878,1.00,1.00
2015.05.15 07:09:13.394,1.52827,1.52877,1.00,1.00
2015.05.15 07:09:13.603,1.52826,1.52878,3.37,1.12
2015.05.15 07:09:13.906,1.52828,1.52879,1.37,1.00
2015.05.15 07:09:14.456,1.52828,1.52879,2.25,1.00
2015.05.15 07:09:14.608,1.52833,1.52884,1.37,1.75
2015.05.15 07:09:14.709,1.52832,1.52884,1.50,1.37
2015.05.15 07:09:17.717,1.52832,1.52884,1.50,1.37
2015.05.15 07:09:18.059,1.52831,1.52873,1.37,1.00
2015.05.15 07:09:18.362,1.52836,1.5288,1.50,1.00
2015.05.15 07:09:18.412,1.52834,1.52882,1.00,1.75
2015.05.15 07:09:18.513,1.52834,1.52879,1.00,1.37
2015.05.15 07:09:18.826,1.52832,1.52877,1.00,2.10
2015.05.15 07:09:18.928,1.52829,1.52877,1.00,2.10
2015.05.15 07:09:19.794,1.52827,1.52877,1.50,1.75
2015.05.15 07:09:19.946,1.52834,1.52876,1.00,1.12
2015.05.15 07:09:20.250,1.52823,1.5287,1.00,1.12
2015.05.15 07:09:20.482,1.52819,1.52868,1.12,1.37
2015.05.15 07:09:20.953,1.52816,1.52867,1.00,3.00
2015.05.15 07:09:21.422,1.52815,1.52866,1.37,1.75
2015.05.15 07:09:21.507,1.52815,1.52866,1.12,1.87
2015.05.15 07:09:21.558,1.52817,1.52866,1.00,1.87
2015.05.15 07:09:21.861,1.52829,1.5287,1.00,1.00
2015.05.15 07:09:22.113,1.52826,1.5287,1.50,1.00
2015.05.15 07:09:23.122,1.52826,1.5287,1.37,1.00
2015.05.15 07:09:23.515,1.52826,1.52873,2.25,1.97
2015.05.15 07:09:24.097,1.52827,1.52873,1.37,1.97
2015.05.15 07:09:24.216,1.52828,1.52873,1.00,1.97
2015.05.15 07:09:24.317,1.52826,1.52873,1.12,1.97
2015.05.15 07:09:25.148,1.52824,1.52871,1.00,1.35
2015.05.15 07:09:25.199,1.52822,1.52867,1.12,1.37
2015.05.15 07:09:25.250,1.52822,1.52867,1.00,1.75
2015.05.15 07:09:25.301,1.52817,1.52867,1.37,1.75
2015.05.15 07:09:25.352,1.52817,1.52867,1.37,1.75
2015.05.15 07:09:25.453,1.52824,1.5286,1.00,1.37
2015.05.15 07:09:25.515,1.52813,1.5286,1.87,1.37
2015.05.15 07:09:28.167,1.52814,1.5286,1.00,1.75
2015.05.15 07:09:28.725,1.52813,1.5286,1.12,1.87
2015.05.15 07:09:29.062,1.52813,1.5286,1.00,1.87
2015.05.15 07:09:29.363,1.52813,1.5286,1.00,1.87
2015.05.15 07:09:29.864,1.52813,1.52855,1.00,1.37
2015.05.15 07:09:32.135,1.52813,1.52855,1.00,1.75
2015.05.15 07:09:32.236,1.52813,1.52854,1.00,1.37
2015.05.15 07:09:32.539,1.52811,1.52855,1.00,1.00
2015.05.15 07:09:32.690,1.52814,1.52855,1.00,1.00
2015.05.15 07:09:32.815,1.52814,1.5286,1.00,2.10
2015.05.15 07:09:33.068,1.52814,1.52852,1.50,1.00
2015.05.15 07:09:33.952,1.52816,1.52852,1.00,1.00
2015.05.15 07:09:34.053,1.52818,1.52859,1.37,1.37
2015.05.15 07:09:34.154,1.5282,1.5286,1.37,1.35
2015.05.15 07:09:34.683,1.52824,1.52865,1.00,1.60
2015.05.15 07:09:35.175,1.52824,1.52865,1.37,1.72
2015.05.15 07:09:35.276,1.52824,1.52864,1.00,1.35
2015.05.15 07:09:35.327,1.52822,1.52861,1.00,1.35
2015.05.15 07:09:35.429,1.52816,1.52859,1.00,1.87
2015.05.15 07:09:35.530,1.52813,1.52858,1.00,1.75
2015.05.15 07:09:35.581,1.52813,1.52852,1.00,1.00
2015.05.15 07:09:35.862,1.52805,1.52852,1.00,1.00
2015.05.15 07:09:35.963,1.52804,1.52852,1.00,1.87
2015.05.15 07:09:36.265,1.52804,1.52847,1.00,1.00
2015.05.15 07:09:36.804,1.52803,1.52847,1.00,1.00
2015.05.15 07:09:37.266,1.52803,1.52841,1.00,1.00
2015.05.15 07:09:37.569,1.52803,1.52832,1.00,1.00
2015.05.15 07:09:37.619,1.52795,1.52832,1.00,1.00
2015.05.15 07:09:37.702,1.52795,1.52829,1.00,1.00
2015.05.15 07:09:37.954,1.52793,1.52829,1.50,1.00
2015.05.15 07:09:38.462,1.52794,1.52829,1.00,1.00
2015.05.15 07:09:39.052,1.52794,1.52828,1.00,1.00
2015.05.15 07:09:40.257,1.52793,1.52824,1.00,1.00
2015.05.15 07:09:40.660,1.52793,1.52832,1.37,1.00
2015.05.15 07:09:40.711,1.52793,1.52836,1.37,1.00
2015.05.15 07:09:40.812,1.52804,1.52838,1.00,1.00
2015.05.15 07:09:41.372,1.52804,1.52839,1.00,1.00
2015.05.15 07:09:41.573,1.52804,1.52843,1.00,1.00
2015.05.15 07:09:41.624,1.52794,1.52843,1.50,1.00
2015.05.15 07:09:41.674,1.52794,1.52841,1.50,1.00
2015.05.15 07:09:42.315,1.52794,1.52843,2.25,1.00
2015.05.15 07:09:42.416,1.52798,1.52843,1.00,1.00
2015.05.15 07:09:42.719,1.52803,1.52843,1.00,1.00
2015.05.15 07:09:47.887,1.52798,1.52842,1.00,1.00
2015.05.15 07:09:47.988,1.52794,1.5284,1.75,1.00
2015.05.15 07:09:48.492,1.52794,1.52841,1.87,1.00
2015.05.15 07:09:48.827,1.52805,1.52848,1.37,1.12
2015.05.15 07:09:49.148,1.52814,1.52847,1.00,1.00
2015.05.15 07:09:49.199,1.52804,1.52847,1.87,1.00
2015.05.15 07:09:49.586,1.52804,1.52849,1.87,1.00
2015.05.15 07:09:49.637,1.52804,1.52849,1.87,1.00
2015.05.15 07:09:50.415,1.52804,1.52849,1.87,1.00
2015.05.15 07:09:51.002,1.52804,1.5285,1.87,1.00
2015.05.15 07:09:51.604,1.52804,1.52851,2.62,1.12
2015.05.15 07:09:51.716,1.52804,1.5285,2.62,1.87
2015.05.15 07:09:52.044,1.52803,1.52842,1.00,1.37
2015.05.15 07:09:52.144,1.52796,1.52842,1.00,1.37
2015.05.15 07:09:52.673,1.52794,1.5284,1.87,1.00
2015.05.15 07:09:52.831,1.52794,1.52838,1.00,1.00
2015.05.15 07:09:53.234,1.52794,1.52838,1.12,1.00
2015.05.15 07:09:53.336,1.52795,1.52838,1.00,1.00
2015.05.15 07:09:53.437,1.52795,1.5284,1.00,1.00
2015.05.15 07:09:53.638,1.52794,1.52842,1.37,1.00
2015.05.15 07:09:54.782,1.52804,1.52842,1.00,1.00
2015.05.15 07:09:54.960,1.52794,1.52842,1.87,1.00
2015.05.15 07:09:55.011,1.52797,1.52842,1.37,1.00
2015.05.15 07:09:55.434,1.52804,1.52842,1.00,1.00
2015.05.15 07:09:55.784,1.52798,1.52843,1.12,1.00
2015.05.15 07:09:55.982,1.52798,1.52841,1.12,1.00
2015.05.15 07:09:56.184,1.52796,1.5284,1.00,1.50
2015.05.15 07:09:56.613,1.52796,1.52837,1.00,1.00
2015.05.15 07:09:57.154,1.52794,1.52837,1.37,1.00
2015.05.15 07:09:57.491,1.52794,1.52832,1.00,1.00
2015.05.15 07:09:57.643,1.52783,1.52825,1.00,1.00
2015.05.15 07:09:58.163,1.52783,1.52824,1.00,1.00
2015.05.15 07:09:58.264,1.52784,1.52819,1.00,1.00
2015.05.15 07:09:58.365,1.52784,1.52824,1.00,1.00
2015.05.15 07:09:58.747,1.52784,1.52827,1.12,1.00
2015.05.15 07:09:58.930,1.52793,1.52828,1.00,1.00
2015.05.15 07:09:59.099,1.52784,1.52828,1.12,1.00
2015.05.15 07:10:02.062,1.52793,1.52828,1.00,1.00
2015.05.15 07:10:02.266,1.52793,1.5283,1.00,1.00
2015.05.15 07:10:02.492,1.52784,1.5283,1.50,1.00
2015.05.15 07:10:02.780,1.52784,1.52833,1.50,1.50
2015.05.15 07:10:04.013,1.52787,1.52833,1.00,1.00
2015.05.15 07:10:04.429,1.52794,1.52833,1.00,1.00
2015.05.15 07:10:04.682,1.52787,1.52832,1.00,1.87
2015.05.15 07:10:04.813,1.52783,1.52832,1.37,1.87
2015.05.15 07:10:05.218,1.52786,1.52834,1.00,1.00
2015.05.15 07:10:05.687,1.52794,1.52834,1.00,1.00
2015.05.15 07:10:05.915,1.52786,1.52833,1.00,1.00
2015.05.15 07:10:06.218,1.52793,1.52834,1.00,1.00
2015.05.15 07:10:06.369,1.52789,1.52841,1.12,1.12
2015.05.15 07:10:07.875,1.52789,1.52841,1.12,1.37
2015.05.15 07:10:08.492,1.52789,1.52838,1.00,1.37
2015.05.15 07:10:08.879,1.52789,1.52838,1.00,1.12
2015.05.15 07:10:09.276,1.52786,1.52838,1.50,2.25
2015.05.15 07:10:09.428,1.52785,1.52833,1.00,1.37
2015.05.15 07:10:09.729,1.5278,1.52827,1.00,1.00
2015.05.15 07:10:10.255,1.5278,1.52828,1.00,1.12
2015.05.15 07:10:10.634,1.52776,1.52828,2.62,1.87
2015.05.15 07:10:11.763,1.52776,1.52828,2.62,1.87
2015.05.15 07:10:11.864,1.52781,1.52831,1.12,1.50
2015.05.15 07:10:11.965,1.5278,1.52831,1.00,1.75
2015.05.15 07:10:12.268,1.52784,1.52829,1.00,1.12
2015.05.15 07:10:12.470,1.52784,1.52829,1.00,1.00
2015.05.15 07:10:12.999,1.52784,1.5283,1.00,2.62
2015.05.15 07:10:13.050,1.52784,1.52829,1.00,1.12
2015.05.15 07:10:13.572,1.52784,1.52829,1.00,1.12
2015.05.15 07:10:13.978,1.52784,1.52829,1.00,1.50
2015.05.15 07:10:14.331,1.52784,1.5283,1.00,1.00
2015.05.15 07:10:16.044,1.52784,1.52831,1.00,1.12
2015.05.15 07:10:18.226,1.52784,1.52835,1.00,1.75
2015.05.15 07:10:18.476,1.52786,1.52836,1.00,2.62
2015.05.15 07:10:18.579,1.52788,1.52836,1.00,1.00
2015.05.15 07:10:18.730,1.52795,1.52836,1.00,1.00
2015.05.15 07:10:18.832,1.52795,1.52838,1.00,1.00
2015.05.15 07:10:18.882,1.52805,1.5284,1.00,1.00
2015.05.15 07:10:18.933,1.52806,1.52846,1.00,1.75
2015.05.15 07:10:18.984,1.52806,1.52851,1.00,1.75
2015.05.15 07:10:19.035,1.52804,1.52851,1.00,1.75
2015.05.15 07:10:19.085,1.52804,1.52848,1.00,1.75
2015.05.15 07:10:19.313,1.52796,1.52848,1.00,2.25
2015.05.15 07:10:19.464,1.52794,1.52843,1.00,1.00
2015.05.15 07:10:19.867,1.52791,1.52843,2.25,1.00
2015.05.15 07:10:20.348,1.52794,1.52843,1.00,1.00
2015.05.15 07:10:20.699,1.52794,1.52843,1.00,1.37
2015.05.15 07:10:20.800,1.52794,1.52843,1.12,1.12
2015.05.15 07:10:20.901,1.52794,1.52844,1.37,1.00
2015.05.15 07:10:21.374,1.52794,1.52845,1.87,1.75
2015.05.15 07:10:22.208,1.52794,1.52845,1.00,1.75
2015.05.15 07:10:22.709,1.52793,1.52844,1.50,1.50
2015.05.15 07:10:22.810,1.52794,1.52844,1.00,1.50
2015.05.15 07:10:23.319,1.52793,1.52844,1.50,1.50
2015.05.15 07:10:24.420,1.52794,1.52844,1.00,1.50
2015.05.15 07:10:25.017,1.52793,1.52844,1.50,1.50
2015.05.15 07:10:26.879,1.52791,1.52844,1.12,1.50
2015.05.15 07:10:26.929,1.52794,1.52844,1.00,1.87
2015.05.15 07:10:27.246,1.52794,1.52844,1.87,1.50
2015.05.15 07:10:27.500,1.52795,1.52844,1.75,1.00
2015.05.15 07:10:29.785,1.52796,1.52844,1.00,1.00
2015.05.15 07:10:31.114,1.52804,1.52847,1.00,1.75
2015.05.15 07:10:31.233,1.52804,1.52847,1.00,1.00
2015.05.15 07:10:31.599,1.52804,1.52849,1.00,1.12
2015.05.15 07:10:31.650,1.52796,1.52849,1.87,1.12
2015.05.15 07:10:31.851,1.52799,1.52849,1.75,1.12
2015.05.15 07:10:32.168,1.52801,1.52851,1.12,1.37
2015.05.15 07:10:32.219,1.52801,1.52851,1.50,1.37
2015.05.15 07:10:32.378,1.52804,1.52854,1.37,1.87
2015.05.15 07:10:32.429,1.52804,1.52854,1.00,1.87
2015.05.15 07:10:32.631,1.52813,1.52849,1.00,1.50
2015.05.15 07:10:32.732,1.52804,1.52849,1.00,1.00
2015.05.15 07:10:32.833,1.52804,1.52849,1.37,1.00
2015.05.15 07:10:32.985,1.52804,1.52852,1.75,1.00
2015.05.15 07:10:33.603,1.52806,1.52852,1.12,1.37
2015.05.15 07:10:34.122,1.52806,1.52852,1.75,1.00
2015.05.15 07:10:34.173,1.52806,1.52854,1.75,1.00
2015.05.15 07:10:35.453,1.52806,1.52855,2.25,1.12
2015.05.15 07:10:36.144,1.52814,1.52857,1.00,1.37
2015.05.15 07:10:36.734,1.52814,1.52857,1.00,1.37
2015.05.15 07:10:36.785,1.52806,1.52853,1.37,1.37
2015.05.15 07:10:36.906,1.52806,1.52851,1.37,1.50
2015.05.15 07:10:37.713,1.52804,1.52847,1.50,1.00
2015.05.15 07:10:38.942,1.52804,1.52847,1.37,1.00
2015.05.15 07:10:39.187,1.52804,1.52846,1.37,1.37
2015.05.15 07:10:39.237,1.52795,1.52842,1.37,1.75
2015.05.15 07:10:39.343,1.52793,1.52841,1.37,1.12
2015.05.15 07:10:39.545,1.52793,1.52837,1.37,1.12
2015.05.15 07:10:39.697,1.52794,1.52841,1.37,1.37
2015.05.15 07:10:40.958,1.52794,1.52841,1.37,1.37
2015.05.15 07:10:41.259,1.52794,1.52841,1.00,1.75
2015.05.15 07:10:41.601,1.52794,1.52835,1.00,1.37
2015.05.15 07:10:41.905,1.52793,1.52829,1.00,1.00
2015.05.15 07:10:42.430,1.52794,1.52837,1.37,1.75
2015.05.15 07:10:42.809,1.52793,1.52843,1.50,2.62
2015.05.15 07:10:42.960,1.52794,1.52843,1.37,2.25
2015.05.15 07:10:43.061,1.52804,1.52843,1.00,2.25
2015.05.15 07:10:43.487,1.52795,1.52843,1.37,2.25
2015.05.15 07:10:45.167,1.52796,1.5284,1.00,1.12
2015.05.15 07:10:45.218,1.52796,1.52834,1.00,1.00
2015.05.15 07:10:45.268,1.52794,1.52834,1.12,1.00
2015.05.15 07:10:45.622,1.52793,1.52832,1.50,1.75
2015.05.15 07:10:45.951,1.52804,1.52837,1.00,1.75
2015.05.15 07:10:46.171,1.52796,1.52837,1.50,1.75
2015.05.15 07:10:46.424,1.52796,1.5284,1.87,1.12
2015.05.15 07:10:47.028,1.52796,1.5284,1.12,1.37
2015.05.15 07:10:47.877,1.52796,1.5284,1.37,1.37
2015.05.15 07:10:49.540,1.52804,1.52843,1.12,1.00
2015.05.15 07:10:49.642,1.52804,1.52849,2.62,1.12
2015.05.15 07:10:49.756,1.52804,1.52843,1.37,1.00
2015.05.15 07:10:50.059,1.52804,1.52838,1.37,1.00
2015.05.15 07:10:50.460,1.52804,1.52838,1.00,1.00
2015.05.15 07:10:50.962,1.52804,1.52838,1.37,1.00
2015.05.15 07:10:52.687,1.52804,1.52838,1.00,1.00
2015.05.15 07:10:52.738,1.52796,1.52838,1.50,1.00
2015.05.15 07:10:53.091,1.52796,1.52836,1.37,1.00
2015.05.15 07:10:53.420,1.52796,1.52839,1.75,1.00
2015.05.15 07:10:53.723,1.52803,1.5284,1.37,1.00
2015.05.15 07:10:53.824,1.52803,1.52844,1.75,1.00
2015.05.15 07:10:53.975,1.52804,1.5284,1.00,1.87
2015.05.15 07:10:54.291,1.52814,1.5284,1.00,1.00
2015.05.15 07:10:54.392,1.52803,1.5285,1.00,1.37
2015.05.15 07:10:54.493,1.52803,1.52849,1.37,1.00
2015.05.15 07:10:54.796,1.52816,1.5286,1.37,1.00
2015.05.15 07:10:55.122,1.52814,1.52854,1.00,1.00
2015.05.15 07:10:55.606,1.52813,1.52847,1.00,1.00
2015.05.15 07:10:55.911,1.52813,1.52844,1.00,1.00
2015.05.15 07:10:56.460,1.52813,1.52842,1.00,1.00
2015.05.15 07:10:56.800,1.52804,1.52842,1.00,1.00
2015.05.15 07:10:56.901,1.52804,1.52841,1.00,1.37
2015.05.15 07:10:56.984,1.52804,1.52841,1.00,1.00
2015.05.15 07:10:57.035,1.52804,1.52834,1.00,1.00
2015.05.15 07:10:57.085,1.52804,1.52836,1.00,1.00
2015.05.15 07:10:57.619,1.52804,1.52835,1.00,1.00
2015.05.15 07:10:57.947,1.52804,1.52833,1.00,1.00
2015.05.15 07:10:58.339,1.52795,1.52833,1.75,1.00
2015.05.15 07:10:58.440,1.52794,1.52842,2.25,1.00
2015.05.15 07:10:58.541,1.52804,1.52848,1.00,1.12
2015.05.15 07:10:58.692,1.52804,1.52846,1.00,1.00
2015.05.15 07:10:58.843,1.52803,1.52853,1.00,1.12
2015.05.15 07:10:59.287,1.52803,1.5285,1.00,1.00
2015.05.15 07:10:59.622,1.52803,1.52848,1.12,1.00
2015.05.15 07:11:00.023,1.52803,1.52844,1.00,1.00
2015.05.15 07:11:00.375,1.52803,1.52846,1.00,1.00
2015.05.15 07:11:00.425,1.52805,1.52846,1.75,1.00
2015.05.15 07:11:00.476,1.52806,1.52856,1.75,1.00
2015.05.15 07:11:00.527,1.52806,1.52856,1.75,1.00
2015.05.15 07:11:00.577,1.52811,1.5286,1.75,1.00
2015.05.15 07:11:00.628,1.5281,1.5286,2.25,1.00
2015.05.15 07:11:00.730,1.52813,1.5286,1.37,1.00
2015.05.15 07:11:00.831,1.52813,1.5286,1.00,1.87
2015.05.15 07:11:01.150,1.52813,1.52856,1.00,1.00
2015.05.15 07:11:01.251,1.52813,1.52858,1.00,1.00
2015.05.15 07:11:01.793,1.52814,1.52859,1.00,1.00
2015.05.15 07:11:02.238,1.52814,1.52858,1.00,1.87
2015.05.15 07:11:03.337,1.52813,1.52853,1.00,1.00
2015.05.15 07:11:03.640,1.52814,1.5285,1.00,1.00
2015.05.15 07:11:03.892,1.52814,1.52852,1.00,1.00
2015.05.15 07:11:03.993,1.52814,1.52854,1.00,1.50
2015.05.15 07:11:04.711,1.52813,1.52854,1.00,1.87
2015.05.15 07:11:05.445,1.52813,1.52854,1.00,2.25
2015.05.15 07:11:06.600,1.52814,1.52854,1.00,1.50
2015.05.15 07:11:06.834,1.52814,1.52849,1.00,1.00
2015.05.15 07:11:07.539,1.52814,1.52848,1.00,1.37
2015.05.15 07:11:07.842,1.52804,1.52846,1.12,1.12
2015.05.15 07:11:08.025,1.52813,1.52846,1.00,1.12
2015.05.15 07:11:08.177,1.52806,1.52846,1.00,1.12
2015.05.15 07:11:08.278,1.52813,1.52849,1.00,1.67
2015.05.15 07:11:08.379,1.52803,1.52849,1.37,1.67
2015.05.15 07:11:08.586,1.52814,1.52849,1.00,1.67
2015.05.15 07:11:08.787,1.52804,1.52849,1.12,1.67
2015.05.15 07:11:08.838,1.52807,1.52849,1.00,1.67
2015.05.15 07:11:08.939,1.52807,1.52849,1.00,1.30
2015.05.15 07:11:09.040,1.52814,1.52849,1.00,1.30
2015.05.15 07:11:09.260,1.52815,1.52855,1.00,1.37
2015.05.15 07:11:09.363,1.52823,1.52856,1.00,1.12
2015.05.15 07:11:09.565,1.52824,1.5286,1.00,1.37
2015.05.15 07:11:10.112,1.52823,1.52862,1.00,1.12
2015.05.15 07:11:10.635,1.52824,1.52861,1.00,1.37
2015.05.15 07:11:11.250,1.52823,1.52861,1.00,1.37
2015.05.15 07:11:11.978,1.52824,1.52861,1.00,1.37
2015.05.15 07:11:13.540,1.52823,1.52859,1.00,1.00
2015.05.15 07:11:13.591,1.52823,1.52861,1.00,1.12
2015.05.15 07:11:13.746,1.52816,1.52857,1.00,1.12
2015.05.15 07:11:13.976,1.52814,1.52857,1.00,1.12
2015.05.15 07:11:14.492,1.52813,1.52857,1.00,1.12
2015.05.15 07:11:16.624,1.52823,1.52863,1.00,1.75
2015.05.15 07:11:16.927,1.52824,1.52869,1.00,2.25
2015.05.15 07:11:16.978,1.52824,1.52869,1.37,2.25
2015.05.15 07:11:17.028,1.52824,1.52869,1.37,1.00
2015.05.15 07:11:17.079,1.52827,1.52871,1.00,1.35
2015.05.15 07:11:17.281,1.52833,1.52871,1.00,1.35
2015.05.15 07:11:17.486,1.52827,1.52871,1.00,1.67
2015.05.15 07:11:17.617,1.52825,1.52867,1.00,1.37
2015.05.15 07:11:18.122,1.52824,1.52865,1.00,1.75
2015.05.15 07:11:18.667,1.52823,1.52865,1.00,1.75
2015.05.15 07:11:19.207,1.52824,1.52865,1.00,1.75
2015.05.15 07:11:20.239,1.52824,1.52866,1.00,1.00
2015.05.15 07:11:20.797,1.52825,1.52867,1.00,1.37
2015.05.15 07:11:21.609,1.52824,1.52868,1.00,1.12
2015.05.15 07:11:23.455,1.52823,1.52866,1.00,1.00
2015.05.15 07:11:23.745,1.52823,1.52863,1.00,1.12
2015.05.15 07:11:24.654,1.52824,1.52863,1.00,1.12
2015.05.15 07:11:24.860,1.52823,1.52868,1.00,1.50
2015.05.15 07:11:24.910,1.52823,1.52868,1.37,1.50
2015.05.15 07:11:25.233,1.52834,1.52873,1.00,1.00
2015.05.15 07:11:25.548,1.52834,1.52874,1.00,1.87
2015.05.15 07:11:26.079,1.52833,1.52874,1.00,1.87
2015.05.15 07:11:26.416,1.52833,1.52869,1.00,1.37
2015.05.15 07:11:26.715,1.52824,1.52869,1.00,1.37
2015.05.15 07:11:27.321,1.52824,1.52868,1.00,1.12
2015.05.15 07:11:28.035,1.52824,1.52868,1.00,1.00
2015.05.15 07:11:28.086,1.52826,1.52868,1.00,1.00
2015.05.15 07:11:28.187,1.52823,1.52869,1.00,1.37
2015.05.15 07:11:28.739,1.52824,1.52869,1.00,1.12
2015.05.15 07:11:29.289,1.52823,1.52873,1.37,1.12
2015.05.15 07:11:29.729,1.52823,1.52872,1.00,1.50
2015.05.15 07:11:30.031,1.52824,1.52869,1.00,1.37
2015.05.15 07:11:30.607,1.52823,1.52868,1.00,1.37
2015.05.15 07:11:33.939,1.52823,1.52868,1.00,1.37
2015.05.15 07:11:34.454,1.52823,1.52869,1.75,1.50
2015.05.15 07:11:34.580,1.52823,1.52868,1.12,1.37
2015.05.15 07:11:34.784,1.52816,1.52867,1.87,1.37
2015.05.15 07:11:34.892,1.52816,1.52867,1.00,2.25
2015.05.15 07:11:35.043,1.52813,1.52864,1.37,2.62
2015.05.15 07:11:35.390,1.52814,1.52863,1.75,1.00
2015.05.15 07:11:35.721,1.52823,1.52864,1.00,1.87
2015.05.15 07:11:36.193,1.52824,1.52867,1.00,2.25
2015.05.15 07:11:36.294,1.52824,1.52869,1.00,1.87
2015.05.15 07:11:36.886,1.52823,1.52869,1.00,1.87
2015.05.15 07:11:37.715,1.52816,1.52869,1.87,1.87
2015.05.15 07:11:37.895,1.52816,1.52869,1.87,1.87
2015.05.15 07:11:38.652,1.52816,1.52867,1.37,1.00
2015.05.15 07:11:39.807,1.52824,1.52867,1.00,1.00
2015.05.15 07:11:41.271,1.52824,1.52867,1.00,1.37
2015.05.15 07:11:41.473,1.52816,1.52863,1.12,1.12
2015.05.15 07:11:41.679,1.52813,1.52863,1.12,1.50
2015.05.15 07:11:41.917,1.52813,1.52859,1.12,1.00
2015.05.15 07:11:42.249,1.52814,1.52855,1.00,1.00
2015.05.15 07:11:42.401,1.52813,1.52857,1.00,1.00
2015.05.15 07:11:42.552,1.52811,1.52857,1.50,1.00
2015.05.15 07:11:42.603,1.52811,1.52861,1.50,1.00
2015.05.15 07:11:42.756,1.52824,1.52862,1.00,1.87
2015.05.15 07:11:42.907,1.52815,1.52862,1.37,1.37
2015.05.15 07:11:43.041,1.52823,1.52864,1.00,2.25
2015.05.15 07:11:43.093,1.52815,1.52864,1.37,2.25
2015.05.15 07:11:43.209,1.52815,1.52864,1.75,2.25
2015.05.15 07:11:43.510,1.52815,1.52864,1.75,2.25
2015.05.15 07:11:43.767,1.52823,1.52868,1.37,1.75
2015.05.15 07:11:43.818,1.52823,1.52868,1.00,1.75
2015.05.15 07:11:44.877,1.52816,1.52864,1.00,1.12
2015.05.15 07:11:44.978,1.52824,1.52863,1.00,1.00
2015.05.15 07:11:45.113,1.52816,1.52864,1.00,1.87
2015.05.15 07:11:45.214,1.52824,1.52864,1.00,1.87
2015.05.15 07:11:45.535,1.52823,1.52862,1.00,1.87
2015.05.15 07:11:45.767,1.52814,1.52859,1.00,1.50
2015.05.15 07:11:47.817,1.52813,1.5286,1.00,1.75
2015.05.15 07:11:48.368,1.52814,1.52861,1.00,1.12
2015.05.15 07:11:50.463,1.52814,1.52863,1.00,2.25
2015.05.15 07:11:50.514,1.52814,1.52863,1.00,1.37
2015.05.15 07:11:52.969,1.52814,1.52863,1.00,1.12
2015.05.15 07:11:53.529,1.52814,1.52863,1.00,1.50
