2015.05.12 16:00:00.030,1.52374,1.52425,1.37,1.37
2015.05.12 16:00:00.081,1.52378,1.52427,1.00,1.00
2015.05.12 16:00:00.232,1.52379,1.52426,1.37,1.00
2015.05.12 16:00:00.780,1.52382,1.52426,1.37,1.37
2015.05.12 16:00:01.681,1.52382,1.52426,1.87,1.00
2015.05.12 16:00:01.984,1.52383,1.52434,1.37,1.87
2015.05.12 16:00:02.085,1.5238,1.52435,1.50,1.87
2015.05.12 16:00:02.326,1.52377,1.52428,1.75,1.00
2015.05.12 16:00:02.377,1.52375,1.52428,1.00,1.00
2015.05.12 16:00:02.891,1.52375,1.52428,1.37,1.37
2015.05.12 16:00:03.413,1.52375,1.52425,1.37,1.37
2015.05.12 16:00:03.737,1.52375,1.52426,1.37,1.75
2015.05.12 16:00:06.992,1.52371,1.52423,1.37,1.75
2015.05.12 16:00:07.541,1.52371,1.52416,1.37,1.00
2015.05.12 16:00:07.642,1.52371,1.52416,1.12,1.37
2015.05.12 16:00:07.743,1.52371,1.52417,1.00,1.00
2015.05.12 16:00:07.796,1.52371,1.52417,1.37,1.00
2015.05.12 16:00:08.102,1.52371,1.52406,1.37,1.00
2015.05.12 16:00:08.655,1.52371,1.52407,1.37,1.00
2015.05.12 16:00:08.807,1.52371,1.52416,1.50,1.00
2015.05.12 16:00:08.908,1.52374,1.52407,1.37,1.00
2015.05.12 16:00:09.211,1.52369,1.52406,1.37,1.00
2015.05.12 16:00:09.619,1.52368,1.52406,1.37,1.00
2015.05.12 16:00:10.513,1.52368,1.52407,1.75,1.00
2015.05.12 16:00:10.664,1.52368,1.52416,2.25,1.12
2015.05.12 16:00:10.832,1.52368,1.52416,2.25,1.00
2015.05.12 16:00:11.238,1.52369,1.52416,1.75,1.00
2015.05.12 16:00:11.766,1.52372,1.52417,1.75,1.00
2015.05.12 16:00:12.451,1.52372,1.52417,1.37,1.00
2015.05.12 16:00:12.652,1.52372,1.52407,1.37,1.00
2015.05.12 16:00:13.204,1.52372,1.52407,1.37,1.00
2015.05.12 16:00:13.506,1.52372,1.52407,2.25,1.00
2015.05.12 16:00:13.657,1.52372,1.52416,2.25,1.00
2015.05.12 16:00:13.857,1.52372,1.52416,2.25,1.00
2015.05.12 16:00:15.262,1.52373,1.52425,1.37,1.37
2015.05.12 16:00:15.427,1.52373,1.52417,2.25,1.00
2015.05.12 16:00:16.641,1.52373,1.52417,2.25,1.00
2015.05.12 16:00:17.150,1.52373,1.52416,1.50,1.00
2015.05.12 16:00:17.566,1.52373,1.52406,1.37,1.00
2015.05.12 16:00:18.166,1.52371,1.52407,1.75,1.00
2015.05.12 16:00:18.367,1.52371,1.52417,1.75,1.00
2015.05.12 16:00:18.424,1.52371,1.52417,1.37,1.12
2015.05.12 16:00:18.929,1.5237,1.52416,1.37,1.00
2015.05.12 16:00:20.146,1.5237,1.52416,1.00,1.00
2015.05.12 16:00:24.334,1.5237,1.52416,1.37,1.00
2015.05.12 16:00:25.172,1.52367,1.52416,1.50,1.00
2015.05.12 16:00:25.273,1.52367,1.52416,1.75,1.00
2015.05.12 16:00:25.576,1.52371,1.52416,3.00,1.00
2015.05.12 16:00:25.627,1.52371,1.52424,3.00,1.37
2015.05.12 16:00:25.677,1.52377,1.52424,1.75,1.00
2015.05.12 16:00:25.821,1.52377,1.52426,1.75,1.00
2015.05.12 16:00:26.542,1.5238,1.52427,1.87,1.00
2015.05.12 16:00:28.597,1.52381,1.52426,1.75,1.00
2015.05.12 16:00:29.114,1.52381,1.52427,1.75,1.00
2015.05.12 16:00:29.890,1.52381,1.52426,1.75,1.00
2015.05.12 16:00:30.701,1.52386,1.52426,1.75,1.00
2015.05.12 16:00:30.802,1.52386,1.52435,1.75,1.00
2015.05.12 16:00:31.136,1.52392,1.52436,1.50,1.00
2015.05.12 16:00:33.206,1.5239,1.52436,1.87,1.37
2015.05.12 16:00:33.408,1.52386,1.52416,1.75,1.00
2015.05.12 16:00:33.509,1.52386,1.52416,1.37,1.00
2015.05.12 16:00:34.023,1.52386,1.52417,1.37,1.00
2015.05.12 16:00:35.150,1.52383,1.52417,1.37,1.00
2015.05.12 16:00:35.655,1.52381,1.52426,1.50,1.00
2015.05.12 16:00:35.756,1.52381,1.52431,1.50,1.37
2015.05.12 16:00:36.146,1.52381,1.52426,1.00,1.00
2015.05.12 16:00:36.754,1.52381,1.52427,1.00,1.50
2015.05.12 16:00:37.181,1.52381,1.52426,1.37,1.00
2015.05.12 16:00:37.513,1.52381,1.52426,1.50,1.00
2015.05.12 16:00:37.740,1.52381,1.52431,1.50,1.00
2015.05.12 16:00:37.842,1.52381,1.52426,1.50,1.00
2015.05.12 16:00:37.943,1.52381,1.52431,1.50,1.00
2015.05.12 16:00:38.479,1.52381,1.52431,1.75,1.00
2015.05.12 16:00:39.265,1.52381,1.52431,1.75,1.00
2015.05.12 16:00:39.809,1.52381,1.52431,1.50,1.00
2015.05.12 16:00:40.053,1.52381,1.52426,1.37,1.00
2015.05.12 16:00:44.186,1.52382,1.52427,1.37,1.00
2015.05.12 16:00:44.566,1.52382,1.52427,1.50,1.00
2015.05.12 16:00:46.093,1.52382,1.52434,1.37,1.75
2015.05.12 16:00:54.406,1.52382,1.52434,1.75,1.37
2015.05.12 16:00:55.659,1.52382,1.52426,1.75,1.00
2015.05.12 16:00:55.963,1.52383,1.52435,1.75,1.00
2015.05.12 16:00:56.014,1.52388,1.52436,1.37,1.37
2015.05.12 16:00:56.417,1.52388,1.52436,2.25,1.12
2015.05.12 16:00:56.757,1.52393,1.52437,1.37,1.00
2015.05.12 16:00:57.264,1.52393,1.52437,1.37,1.00
2015.05.12 16:00:57.575,1.52396,1.52436,1.87,1.00
2015.05.12 16:00:58.467,1.52396,1.52436,2.25,1.00
2015.05.12 16:00:58.719,1.52396,1.52446,2.25,1.37
2015.05.12 16:00:59.064,1.52396,1.52446,1.87,1.00
2015.05.12 16:00:59.569,1.52396,1.52446,1.87,1.37
2015.05.12 16:00:59.872,1.52392,1.52436,1.37,1.00
2015.05.12 16:01:01.426,1.52392,1.52436,1.37,1.00
2015.05.12 16:01:07.684,1.52394,1.52436,1.37,1.00
2015.05.12 16:01:11.806,1.52394,1.52437,1.37,1.00
2015.05.12 16:01:13.555,1.52394,1.52436,1.37,1.00
2015.05.12 16:01:14.591,1.52398,1.52446,1.37,1.75
2015.05.12 16:01:14.793,1.52398,1.52437,1.37,1.00
2015.05.12 16:01:16.128,1.52398,1.52447,1.37,1.75
2015.05.12 16:01:16.701,1.52398,1.52447,1.37,1.37
2015.05.12 16:01:17.651,1.52398,1.52446,1.82,1.37
2015.05.12 16:01:17.955,1.52403,1.52456,1.75,3.00
2015.05.12 16:01:18.296,1.52406,1.52446,1.37,1.00
2015.05.12 16:01:18.804,1.52406,1.52447,1.37,1.00
2015.05.12 16:01:19.109,1.52408,1.52447,1.50,1.00
2015.05.12 16:01:19.294,1.52408,1.52456,1.50,1.37
2015.05.12 16:01:20.118,1.52408,1.52456,1.37,1.37
2015.05.12 16:01:20.416,1.52408,1.52456,1.37,1.37
2015.05.12 16:01:22.714,1.52408,1.52456,1.75,1.37
2015.05.12 16:01:31.397,1.52413,1.52446,1.37,1.00
2015.05.12 16:01:31.912,1.52407,1.52447,2.25,1.37
2015.05.12 16:01:31.964,1.524,1.52446,1.50,1.12
2015.05.12 16:01:32.015,1.52397,1.52446,1.37,1.75
2015.05.12 16:01:32.116,1.52397,1.52446,1.12,1.50
2015.05.12 16:01:32.520,1.52397,1.52446,1.00,1.75
2015.05.12 16:01:32.963,1.52398,1.52442,1.00,1.75
2015.05.12 16:01:33.266,1.52398,1.52442,1.00,1.75
2015.05.12 16:01:33.317,1.52391,1.52442,1.00,1.75
2015.05.12 16:01:35.826,1.52391,1.52436,1.00,1.37
2015.05.12 16:01:35.928,1.52391,1.52437,1.00,1.75
2015.05.12 16:01:37.906,1.52387,1.52436,1.37,1.75
2015.05.12 16:01:37.957,1.52387,1.52436,1.00,1.75
2015.05.12 16:01:38.297,1.52397,1.52426,1.00,1.00
2015.05.12 16:01:38.398,1.52398,1.52442,1.00,1.75
2015.05.12 16:01:38.700,1.52398,1.52437,1.00,1.00
2015.05.12 16:01:38.919,1.52398,1.52444,1.00,1.00
2015.05.12 16:01:39.071,1.52398,1.52445,1.12,1.75
2015.05.12 16:01:39.408,1.52398,1.52445,1.37,1.50
2015.05.12 16:01:40.742,1.524,1.52447,1.37,1.75
2015.05.12 16:01:40.975,1.52402,1.52447,1.37,1.37
2015.05.12 16:01:41.030,1.52408,1.5245,1.00,1.37
2015.05.12 16:01:41.181,1.52408,1.52455,1.37,2.25
2015.05.12 16:01:41.686,1.52408,1.52455,1.37,1.37
2015.05.12 16:01:42.256,1.52408,1.52447,1.37,1.00
2015.05.12 16:01:42.881,1.52408,1.52447,1.37,1.00
2015.05.12 16:01:43.796,1.52408,1.52455,1.00,2.25
2015.05.12 16:01:47.282,1.52403,1.52446,1.37,1.12
2015.05.12 16:01:53.646,1.52405,1.52447,1.12,1.37
2015.05.12 16:01:58.748,1.52403,1.52446,1.37,1.12
2015.05.12 16:01:58.950,1.52403,1.52453,1.50,1.37
2015.05.12 16:01:59.051,1.52407,1.52447,1.37,1.00
2015.05.12 16:01:59.705,1.52407,1.52453,1.87,1.37
2015.05.12 16:02:00.416,1.52407,1.52453,1.50,1.75
2015.05.12 16:02:00.720,1.52403,1.52451,1.37,1.75
2015.05.12 16:02:04.332,1.52403,1.52446,1.37,1.37
2015.05.12 16:02:08.157,1.52403,1.52446,1.12,1.37
2015.05.12 16:02:12.169,1.52403,1.52446,1.12,1.37
2015.05.12 16:02:12.885,1.52403,1.52446,1.00,1.37
2015.05.12 16:02:12.986,1.52403,1.52446,1.12,1.37
2015.05.12 16:02:13.150,1.52401,1.52448,1.00,1.75
2015.05.12 16:02:13.251,1.52397,1.52448,1.87,1.75
2015.05.12 16:02:13.353,1.52402,1.52444,1.12,1.37
2015.05.12 16:02:13.655,1.52408,1.52456,1.37,1.50
2015.05.12 16:02:14.218,1.52408,1.52456,1.50,1.50
2015.05.12 16:02:14.375,1.52408,1.52457,1.37,1.37
2015.05.12 16:02:15.893,1.5241,1.52461,1.37,1.37
2015.05.12 16:02:16.144,1.52413,1.52457,1.00,1.50
2015.05.12 16:02:16.448,1.52404,1.52447,1.87,1.37
2015.05.12 16:02:17.374,1.52404,1.52458,3.00,1.12
2015.05.12 16:02:17.475,1.52408,1.52459,1.50,1.87
2015.05.12 16:02:17.576,1.52417,1.52464,1.37,1.37
2015.05.12 16:02:17.677,1.52417,1.52466,1.87,1.37
2015.05.12 16:02:24.910,1.52417,1.52466,1.87,1.75
2015.05.12 16:02:25.585,1.52417,1.52467,1.50,1.75
2015.05.12 16:02:25.636,1.52413,1.52464,1.12,1.75
2015.05.12 16:02:25.737,1.52413,1.52464,1.37,1.75
2015.05.12 16:02:25.876,1.52413,1.52464,1.37,1.12
2015.05.12 16:02:26.078,1.52424,1.52472,1.00,1.00
2015.05.12 16:02:26.381,1.52429,1.52476,1.50,1.37
2015.05.12 16:02:27.219,1.52428,1.52477,1.00,1.75
2015.05.12 16:02:27.747,1.52424,1.52476,1.37,2.25
2015.05.12 16:02:28.820,1.52424,1.52476,1.00,2.25
2015.05.12 16:02:29.255,1.52421,1.52473,1.12,1.37
2015.05.12 16:02:32.717,1.52419,1.52466,1.00,1.37
2015.05.12 16:02:32.768,1.52416,1.52466,1.00,1.37
2015.05.12 16:02:33.273,1.52417,1.52466,1.00,1.37
2015.05.12 16:02:33.619,1.52417,1.52466,1.00,1.37
2015.05.12 16:02:33.770,1.52415,1.52462,1.37,1.00
2015.05.12 16:02:34.293,1.52415,1.52462,1.00,1.00
2015.05.12 16:02:41.027,1.52415,1.52466,1.00,1.37
2015.05.12 16:02:41.847,1.52415,1.52466,1.37,1.37
2015.05.12 16:02:41.948,1.52419,1.52468,1.12,1.12
2015.05.12 16:02:42.250,1.52419,1.52474,2.62,3.00
2015.05.12 16:02:44.045,1.52419,1.52466,2.62,1.00
2015.05.12 16:02:44.578,1.52419,1.52466,2.62,1.00
2015.05.12 16:02:44.831,1.52419,1.52466,2.62,1.37
2015.05.12 16:02:51.667,1.52419,1.52467,2.62,1.00
2015.05.12 16:02:51.868,1.52423,1.52474,1.50,1.50
2015.05.12 16:02:52.681,1.52423,1.52474,1.50,1.75
2015.05.12 16:02:54.854,1.52423,1.52474,1.50,1.37
2015.05.12 16:02:54.955,1.52423,1.52474,1.87,1.12
2015.05.12 16:02:55.056,1.52424,1.52476,1.37,1.12
2015.05.12 16:02:55.359,1.52428,1.52476,1.37,1.00
2015.05.12 16:02:57.223,1.5243,1.52476,1.00,1.00
2015.05.12 16:02:57.375,1.5243,1.52483,1.37,1.87
2015.05.12 16:02:57.484,1.5243,1.52483,1.37,1.87
2015.05.12 16:02:57.535,1.52435,1.52483,1.00,1.37
2015.05.12 16:02:57.838,1.52435,1.52476,1.00,1.37
2015.05.12 16:02:59.333,1.52435,1.52476,1.12,1.37
2015.05.12 16:03:00.099,1.52435,1.52476,1.00,1.00
2015.05.12 16:03:01.523,1.52435,1.52477,1.00,1.12
2015.05.12 16:03:03.356,1.52439,1.52477,1.00,1.12
2015.05.12 16:03:03.457,1.52439,1.52483,1.87,1.37
2015.05.12 16:03:03.559,1.52444,1.52486,1.37,1.12
2015.05.12 16:03:05.529,1.52445,1.52486,1.37,1.00
2015.05.12 16:03:06.936,1.52445,1.52486,1.37,1.00
2015.05.12 16:03:07.657,1.52445,1.52486,1.37,1.00
2015.05.12 16:03:08.662,1.5245,1.52486,1.12,1.00
2015.05.12 16:03:09.185,1.5245,1.52487,1.87,1.00
2015.05.12 16:03:10.330,1.5245,1.52486,1.87,1.00
2015.05.12 16:03:17.711,1.5245,1.52495,1.50,1.00
2015.05.12 16:03:17.812,1.5245,1.52497,2.25,1.37
2015.05.12 16:03:18.128,1.52456,1.52496,1.37,1.00
2015.05.12 16:03:18.716,1.52456,1.52507,1.75,2.25
2015.05.12 16:03:19.097,1.52456,1.52506,1.37,1.75
2015.05.12 16:03:19.571,1.52456,1.52496,1.37,1.00
2015.05.12 16:03:20.110,1.52456,1.52497,1.37,1.00
2015.05.12 16:03:20.917,1.52456,1.52497,1.00,1.00
2015.05.12 16:03:20.968,1.52454,1.52497,1.00,1.00
2015.05.12 16:03:21.069,1.5245,1.52497,1.87,1.00
2015.05.12 16:03:22.867,1.5245,1.52496,1.87,1.00
2015.05.12 16:03:23.380,1.5245,1.52496,1.87,1.37
2015.05.12 16:03:23.597,1.52448,1.52496,1.37,1.50
2015.05.12 16:03:23.648,1.52447,1.52496,1.12,1.00
2015.05.12 16:03:23.699,1.52449,1.52496,1.00,1.00
2015.05.12 16:03:24.231,1.5245,1.52497,1.00,1.12
2015.05.12 16:03:24.712,1.5245,1.52497,1.00,1.37
2015.05.12 16:03:24.763,1.52447,1.52496,1.87,1.37
2015.05.12 16:03:24.814,1.52447,1.52496,1.87,1.75
2015.05.12 16:03:24.964,1.52441,1.52493,1.37,1.37
2015.05.12 16:03:25.015,1.52441,1.52493,1.37,1.75
2015.05.12 16:03:25.330,1.52445,1.52486,1.00,1.00
2015.05.12 16:03:25.831,1.52441,1.52486,1.37,1.00
2015.05.12 16:03:26.568,1.52441,1.52487,1.37,1.00
2015.05.12 16:03:28.369,1.52442,1.52486,1.37,1.00
2015.05.12 16:03:29.243,1.52442,1.52486,1.00,1.00
2015.05.12 16:03:29.891,1.52441,1.52486,1.12,1.00
2015.05.12 16:03:30.392,1.52441,1.52487,1.12,1.00
2015.05.12 16:03:30.936,1.52441,1.52487,1.12,1.37
2015.05.12 16:03:43.992,1.52441,1.52486,1.12,1.00
2015.05.12 16:03:49.582,1.52439,1.52486,1.37,1.37
2015.05.12 16:03:53.406,1.52439,1.52486,1.75,1.00
2015.05.12 16:03:53.507,1.52439,1.52486,1.00,1.37
2015.05.12 16:03:53.608,1.52439,1.52486,1.00,1.75
2015.05.12 16:03:53.709,1.52439,1.5249,1.12,1.37
2015.05.12 16:03:53.895,1.52439,1.52476,1.00,1.00
2015.05.12 16:03:54.046,1.52437,1.52477,1.00,1.00
2015.05.12 16:03:54.336,1.52434,1.52486,1.12,2.25
2015.05.12 16:03:54.714,1.52434,1.52476,1.00,1.37
2015.05.12 16:03:55.232,1.52434,1.52476,2.25,1.00
2015.05.12 16:03:55.617,1.52439,1.52476,1.12,1.00
2015.05.12 16:03:55.718,1.52439,1.52491,1.37,2.25
2015.05.12 16:03:56.330,1.52439,1.52491,1.87,1.37
2015.05.12 16:03:57.926,1.52439,1.52491,1.87,1.50
2015.05.12 16:03:58.027,1.52439,1.52485,1.12,1.37
2015.05.12 16:03:59.564,1.52431,1.52484,1.12,2.25
2015.05.12 16:03:59.767,1.52431,1.52484,1.37,2.25
2015.05.12 16:04:00.271,1.52431,1.52484,1.37,2.25
2015.05.12 16:04:00.573,1.52431,1.52484,1.75,1.87
2015.05.12 16:04:01.082,1.52434,1.52484,1.37,1.37
2015.05.12 16:04:01.756,1.52434,1.52484,1.37,1.37
2015.05.12 16:04:02.699,1.52434,1.52484,1.12,1.75
2015.05.12 16:04:04.369,1.52434,1.52484,1.37,1.37
2015.05.12 16:04:08.492,1.52434,1.52483,1.00,1.75
2015.05.12 16:04:08.543,1.52431,1.52483,1.37,2.25
2015.05.12 16:04:08.910,1.52431,1.52477,1.00,1.00
2015.05.12 16:04:09.440,1.52431,1.52476,1.00,1.00
2015.05.12 16:04:09.491,1.52428,1.52476,1.50,1.00
2015.05.12 16:04:09.542,1.52428,1.52473,1.50,1.00
2015.05.12 16:04:09.593,1.52423,1.52473,1.50,1.00
2015.05.12 16:04:10.021,1.52423,1.52466,1.50,1.00
2015.05.12 16:04:10.123,1.52423,1.52473,1.50,1.00
2015.05.12 16:04:10.329,1.52423,1.52466,1.50,1.00
2015.05.12 16:04:10.842,1.52423,1.52466,1.87,1.00
2015.05.12 16:04:11.630,1.52423,1.52467,1.87,1.00
2015.05.12 16:04:12.081,1.52423,1.52473,1.87,1.37
2015.05.12 16:04:12.235,1.52424,1.52478,1.37,1.87
2015.05.12 16:04:12.336,1.52424,1.52478,1.37,1.87
2015.05.12 16:04:12.887,1.52428,1.52479,1.00,1.37
2015.05.12 16:04:13.906,1.52424,1.52476,1.37,1.75
2015.05.12 16:04:15.712,1.52421,1.52466,1.50,1.00
2015.05.12 16:04:16.037,1.52427,1.52466,1.50,1.00
2015.05.12 16:04:16.393,1.52427,1.52476,1.50,1.37
2015.05.12 16:04:16.927,1.52427,1.52476,1.75,1.37
2015.05.12 16:04:17.948,1.52432,1.52476,1.37,1.37
2015.05.12 16:04:19.206,1.52432,1.52476,1.12,1.12
2015.05.12 16:04:20.844,1.52432,1.52476,1.00,1.37
2015.05.12 16:04:21.504,1.52426,1.52476,1.37,1.37
2015.05.12 16:04:21.555,1.52425,1.52476,1.87,1.75
2015.05.12 16:04:22.097,1.52425,1.52466,1.87,1.00
2015.05.12 16:04:24.849,1.52419,1.52466,1.37,1.50
2015.05.12 16:04:25.051,1.52417,1.52467,1.87,1.37
2015.05.12 16:04:25.152,1.52417,1.52467,2.25,1.37
2015.05.12 16:04:25.455,1.52423,1.52474,1.37,1.37
2015.05.12 16:04:27.760,1.52423,1.52474,1.37,1.00
2015.05.12 16:04:27.811,1.52426,1.52476,1.00,1.12
2015.05.12 16:04:28.171,1.52427,1.52476,1.50,1.37
2015.05.12 16:04:28.443,1.52423,1.52471,1.37,1.37
2015.05.12 16:04:29.121,1.52423,1.52466,1.37,1.00
2015.05.12 16:04:29.476,1.52423,1.52472,1.37,2.62
2015.05.12 16:04:29.665,1.52423,1.52472,1.37,2.62
2015.05.12 16:04:29.766,1.52423,1.52472,1.37,3.00
2015.05.12 16:04:30.271,1.52423,1.52472,1.12,2.25
2015.05.12 16:04:31.680,1.52423,1.52472,1.37,1.87
2015.05.12 16:04:31.782,1.52423,1.52472,1.75,1.50
2015.05.12 16:04:31.832,1.52429,1.52477,1.12,1.37
2015.05.12 16:04:32.368,1.52424,1.52476,1.37,1.37
2015.05.12 16:04:33.684,1.52424,1.52476,1.37,2.25
2015.05.12 16:04:33.843,1.52418,1.5247,1.37,1.75
2015.05.12 16:04:34.046,1.52425,1.52469,1.00,1.75
2015.05.12 16:04:35.491,1.52425,1.52466,1.00,1.00
2015.05.12 16:04:35.651,1.52425,1.52476,1.37,1.50
2015.05.12 16:04:36.004,1.52427,1.52477,1.37,1.00
2015.05.12 16:04:36.509,1.52429,1.52477,1.87,1.12
2015.05.12 16:04:38.368,1.52429,1.52476,1.87,1.00
2015.05.12 16:04:38.756,1.52423,1.52473,2.25,1.00
2015.05.12 16:04:38.806,1.52423,1.52473,1.87,1.37
2015.05.12 16:04:38.908,1.52425,1.52473,1.37,1.87
2015.05.12 16:04:39.275,1.52425,1.52467,1.37,1.00
2015.05.12 16:04:39.809,1.52426,1.52473,1.37,1.37
2015.05.12 16:04:40.025,1.52426,1.52466,1.37,1.00
2015.05.12 16:04:41.881,1.52426,1.52473,1.37,1.12
2015.05.12 16:04:41.932,1.52427,1.52476,1.37,1.37
2015.05.12 16:04:42.344,1.52427,1.52476,1.37,1.37
2015.05.12 16:04:42.647,1.52431,1.52477,1.87,1.12
2015.05.12 16:04:42.899,1.52431,1.52476,2.62,1.00
2015.05.12 16:04:43.000,1.52437,1.52476,1.00,1.00
2015.05.12 16:04:43.101,1.52431,1.52483,1.87,1.37
2015.05.12 16:04:43.151,1.52437,1.52486,1.00,1.75
2015.05.12 16:04:43.202,1.52431,1.52483,1.87,1.37
2015.05.12 16:04:43.388,1.52437,1.52486,1.00,1.75
2015.05.12 16:04:43.690,1.52431,1.52486,2.62,2.25
2015.05.12 16:04:45.042,1.52431,1.52486,2.62,2.25
2015.05.12 16:04:45.393,1.52428,1.5248,1.37,1.37
2015.05.12 16:04:48.222,1.52431,1.52476,1.37,1.00
2015.05.12 16:04:48.374,1.52432,1.5248,1.12,1.12
2015.05.12 16:04:48.605,1.52432,1.52476,1.12,1.00
2015.05.12 16:04:49.919,1.52432,1.52477,1.12,1.00
2015.05.12 16:04:50.458,1.52433,1.52477,1.37,1.00
2015.05.12 16:04:54.770,1.52433,1.52476,1.00,1.37
2015.05.12 16:04:54.871,1.52432,1.52481,1.12,1.37
2015.05.12 16:04:54.922,1.52436,1.52481,1.00,1.37
2015.05.12 16:04:55.023,1.52436,1.52486,1.87,1.87
2015.05.12 16:04:55.175,1.52436,1.52486,2.25,1.50
2015.05.12 16:04:55.276,1.52441,1.52486,1.87,1.00
2015.05.12 16:04:55.638,1.52441,1.52476,2.62,1.00
2015.05.12 16:04:55.891,1.52441,1.52486,1.87,1.00
2015.05.12 16:04:56.358,1.52441,1.52486,1.87,1.00
2015.05.12 16:05:00.891,1.52439,1.52486,1.00,1.37
2015.05.12 16:05:00.942,1.52436,1.52485,1.00,1.37
2015.05.12 16:05:00.993,1.52432,1.52484,1.37,1.37
2015.05.12 16:05:01.694,1.52432,1.52484,1.37,1.00
2015.05.12 16:05:01.999,1.52432,1.52483,1.00,1.75
2015.05.12 16:05:02.305,1.52428,1.52467,1.37,1.00
2015.05.12 16:05:02.596,1.52428,1.52477,1.37,1.75
2015.05.12 16:05:04.311,1.52425,1.52477,1.50,1.37
2015.05.12 16:05:04.702,1.52432,1.52477,1.75,1.00
2015.05.12 16:05:04.917,1.52441,1.52486,1.75,1.00
2015.05.12 16:05:05.119,1.52441,1.52486,1.75,1.00
2015.05.12 16:05:07.325,1.52441,1.52486,1.00,1.50
2015.05.12 16:05:07.427,1.52438,1.52486,1.12,1.37
2015.05.12 16:05:08.736,1.52439,1.52486,1.50,1.00
2015.05.12 16:05:08.949,1.52443,1.52496,1.87,1.37
2015.05.12 16:05:09.051,1.52443,1.52496,2.25,1.37
2015.05.12 16:05:11.864,1.52443,1.52496,1.87,1.75
2015.05.12 16:05:12.168,1.52443,1.5249,1.00,1.75
2015.05.12 16:05:12.269,1.52439,1.52476,1.00,1.00
2015.05.12 16:05:12.696,1.52439,1.52487,1.00,1.37
2015.05.12 16:05:16.261,1.52439,1.52487,1.00,1.37
2015.05.12 16:05:16.362,1.52438,1.52486,1.00,1.87
2015.05.12 16:05:16.412,1.52435,1.52486,1.37,2.62
2015.05.12 16:05:16.865,1.52435,1.52476,1.00,1.00
2015.05.12 16:05:17.682,1.52435,1.52486,1.00,2.62
2015.05.12 16:05:19.703,1.52435,1.52486,1.00,2.62
2015.05.12 16:05:20.107,1.52435,1.52486,2.62,1.00
2015.05.12 16:05:20.450,1.52441,1.52486,1.00,1.00
2015.05.12 16:05:20.986,1.52441,1.52487,1.00,1.00
2015.05.12 16:05:21.981,1.52439,1.52487,1.00,1.00
2015.05.12 16:05:22.032,1.52435,1.52487,1.00,1.00
2015.05.12 16:05:22.083,1.52438,1.52487,1.12,1.00
2015.05.12 16:05:22.385,1.52438,1.52486,1.87,1.00
2015.05.12 16:05:24.720,1.52439,1.52486,1.37,1.00
2015.05.12 16:05:28.580,1.52439,1.52487,1.37,1.00
2015.05.12 16:05:30.555,1.52439,1.52486,1.37,1.00
2015.05.12 16:05:31.661,1.52444,1.52486,1.37,1.00
2015.05.12 16:05:31.859,1.52443,1.52486,1.87,1.00
2015.05.12 16:05:31.911,1.52443,1.52493,1.87,1.37
2015.05.12 16:05:32.012,1.52443,1.52487,1.87,1.00
2015.05.12 16:05:32.365,1.5244,1.52486,1.12,1.37
2015.05.12 16:05:34.773,1.5244,1.52487,1.37,1.37
2015.05.12 16:05:35.800,1.52439,1.52487,1.50,1.12
2015.05.12 16:05:36.316,1.5244,1.52486,1.50,1.00
2015.05.12 16:05:36.893,1.5244,1.52487,1.50,1.00
2015.05.12 16:05:38.162,1.5244,1.52487,1.37,1.00
2015.05.12 16:05:38.399,1.52444,1.52493,1.12,1.37
2015.05.12 16:05:42.691,1.52444,1.52493,1.00,1.50
2015.05.12 16:05:43.054,1.5244,1.52487,1.12,1.37
2015.05.12 16:05:46.224,1.52437,1.52487,1.50,1.50
2015.05.12 16:05:46.357,1.52437,1.52487,1.87,1.50
2015.05.12 16:05:46.710,1.52437,1.52486,1.50,1.37
2015.05.12 16:05:47.956,1.52437,1.52486,1.87,1.37
2015.05.12 16:05:48.057,1.52435,1.52477,1.37,1.00
2015.05.12 16:05:50.796,1.52435,1.52486,1.37,1.37
2015.05.12 16:05:51.064,1.52435,1.52486,1.37,1.37
2015.05.12 16:05:52.654,1.52435,1.52486,1.37,1.37
2015.05.12 16:05:53.544,1.52435,1.52486,1.75,1.37
2015.05.12 16:05:54.018,1.52438,1.52477,1.37,1.00
2015.05.12 16:05:54.547,1.52438,1.52477,1.37,1.00
2015.05.12 16:05:54.648,1.52438,1.52477,1.37,1.00
2015.05.12 16:05:55.205,1.52438,1.52476,1.37,1.00
2015.05.12 16:05:55.557,1.52435,1.52476,1.00,1.00
2015.05.12 16:05:55.658,1.52432,1.52476,1.37,1.00
2015.05.12 16:05:56.169,1.52432,1.52476,1.50,1.00
2015.05.12 16:05:58.251,1.52435,1.52476,1.75,1.00
2015.05.12 16:05:58.403,1.52438,1.52486,1.37,1.12
2015.05.12 16:05:59.961,1.52438,1.52486,1.37,1.00
2015.05.12 16:06:00.163,1.52443,1.52486,1.00,1.00
2015.05.12 16:06:00.466,1.52437,1.52487,1.87,1.37
2015.05.12 16:06:00.571,1.52437,1.52486,1.37,1.87
2015.05.12 16:06:01.086,1.52439,1.52487,1.00,1.37
2015.05.12 16:06:01.588,1.52437,1.52486,1.37,1.37
2015.05.12 16:06:02.122,1.52437,1.52476,1.00,1.00
2015.05.12 16:06:04.144,1.52437,1.52486,1.00,1.87
2015.05.12 16:06:04.447,1.52437,1.52477,1.00,1.00
2015.05.12 16:06:05.224,1.52437,1.52476,1.00,1.00
2015.05.12 16:06:08.825,1.52436,1.52476,1.00,1.00
2015.05.12 16:06:09.559,1.52433,1.52476,1.37,1.00
2015.05.12 16:06:10.115,1.52433,1.52476,1.12,1.00
2015.05.12 16:06:10.208,1.52433,1.52476,1.00,1.75
2015.05.12 16:06:10.309,1.52425,1.52476,1.37,2.25
2015.05.12 16:06:10.410,1.52425,1.52476,1.00,1.75
2015.05.12 16:06:10.562,1.52421,1.52467,1.87,1.37
2015.05.12 16:06:10.613,1.52421,1.52456,1.87,1.00
2015.05.12 16:06:10.728,1.52421,1.52456,1.00,1.00
2015.05.12 16:06:10.829,1.52421,1.52466,1.00,1.00
2015.05.12 16:06:11.040,1.52421,1.52456,1.00,1.00
2015.05.12 16:06:11.360,1.52421,1.52466,1.00,1.00
2015.05.12 16:06:11.650,1.52421,1.52456,1.00,1.00
2015.05.12 16:06:11.980,1.52421,1.52456,1.37,1.00
2015.05.12 16:06:12.132,1.52421,1.52466,1.12,1.37
2015.05.12 16:06:12.283,1.52421,1.52457,1.00,1.00
2015.05.12 16:06:12.384,1.52421,1.52466,1.00,1.37
2015.05.12 16:06:12.435,1.52422,1.52466,1.37,1.37
2015.05.12 16:06:12.536,1.52422,1.52467,1.12,1.12
2015.05.12 16:06:12.637,1.52422,1.52466,1.37,1.00
2015.05.12 16:06:13.159,1.52422,1.52467,1.37,1.12
2015.05.12 16:06:19.405,1.52422,1.52467,1.75,1.00
2015.05.12 16:06:19.506,1.52426,1.52472,1.50,1.37
2015.05.12 16:06:19.868,1.52426,1.52467,1.50,1.00
2015.05.12 16:06:19.919,1.52426,1.52467,1.37,1.00
2015.05.12 16:06:20.456,1.52426,1.52466,1.37,1.00
2015.05.12 16:06:20.540,1.52431,1.52466,1.00,1.00
2015.05.12 16:06:22.762,1.52431,1.52466,1.87,1.00
2015.05.12 16:06:22.816,1.52431,1.52476,1.87,1.37
2015.05.12 16:06:23.465,1.52431,1.52466,1.87,1.00
2015.05.12 16:06:27.012,1.52438,1.52466,1.00,1.00
2015.05.12 16:06:28.128,1.52438,1.52476,1.00,1.37
2015.05.12 16:06:29.442,1.52438,1.52477,1.00,1.12
2015.05.12 16:06:29.772,1.52438,1.52466,1.00,1.00
2015.05.12 16:06:29.876,1.52438,1.52477,1.00,1.12
2015.05.12 16:06:30.423,1.52438,1.52466,1.00,1.00
2015.05.12 16:06:38.677,1.52438,1.52476,1.00,1.50
2015.05.12 16:06:38.778,1.52437,1.52476,1.00,1.87
2015.05.12 16:06:39.642,1.52438,1.52476,1.00,1.37
2015.05.12 16:06:47.767,1.52438,1.52476,1.00,1.00
2015.05.12 16:06:49.344,1.52438,1.52467,1.00,1.00
2015.05.12 16:06:49.899,1.52438,1.52466,1.00,1.00
2015.05.12 16:06:52.619,1.52433,1.52466,1.37,1.00
2015.05.12 16:06:53.525,1.52433,1.52476,1.00,1.35
2015.05.12 16:06:53.576,1.52428,1.52476,1.00,1.35
2015.05.12 16:06:53.627,1.52428,1.52467,1.00,1.37
2015.05.12 16:06:54.031,1.52428,1.52467,1.37,1.00
2015.05.12 16:06:54.135,1.52428,1.52466,1.37,1.00
2015.05.12 16:06:54.439,1.52434,1.52466,1.00,1.00
2015.05.12 16:06:58.667,1.52434,1.52467,1.00,1.00
2015.05.12 16:07:02.853,1.52434,1.52466,1.12,1.00
2015.05.12 16:07:05.509,1.52427,1.52466,1.37,1.00
2015.05.12 16:07:05.610,1.52427,1.52466,1.00,1.37
2015.05.12 16:07:05.711,1.52427,1.52456,1.00,1.00
2015.05.12 16:07:05.812,1.52421,1.52466,1.50,1.12
2015.05.12 16:07:05.913,1.52419,1.52463,1.00,1.00
2015.05.12 16:07:06.216,1.52418,1.52457,1.00,1.00
2015.05.12 16:07:06.770,1.52416,1.52456,1.37,1.00
2015.05.12 16:07:10.362,1.52416,1.52456,1.75,1.00
2015.05.12 16:07:10.553,1.52416,1.52456,1.37,1.00
2015.05.12 16:07:14.736,1.52416,1.52456,1.12,1.00
2015.05.12 16:07:15.971,1.52416,1.52456,1.37,1.00
2015.05.12 16:07:19.393,1.52421,1.52456,1.00,1.00
2015.05.12 16:07:21.650,1.52421,1.52447,1.00,1.00
2015.05.12 16:07:22.786,1.52421,1.52446,1.00,1.00
2015.05.12 16:07:22.887,1.52415,1.52462,1.00,1.20
2015.05.12 16:07:22.989,1.52415,1.52436,1.00,1.00
2015.05.12 16:07:23.531,1.52411,1.52437,1.00,1.00
2015.05.12 16:07:23.959,1.52417,1.52436,1.00,1.00
2015.05.12 16:07:38.002,1.52411,1.52437,1.00,1.00
2015.05.12 16:07:38.053,1.52411,1.52446,1.00,1.12
2015.05.12 16:07:38.368,1.52411,1.52436,1.00,1.00
2015.05.12 16:07:38.920,1.52411,1.52437,1.00,1.00
2015.05.12 16:07:44.308,1.52411,1.52436,1.00,1.00
2015.05.12 16:07:45.442,1.52411,1.52437,1.00,1.00
2015.05.12 16:07:46.111,1.52411,1.52436,1.00,1.00
2015.05.12 16:07:48.301,1.52411,1.52437,1.00,1.00
2015.05.12 16:07:49.405,1.52411,1.52436,1.00,1.00
2015.05.12 16:07:49.948,1.52411,1.52437,1.00,1.00
2015.05.12 16:07:53.116,1.52411,1.52436,1.00,1.00
2015.05.12 16:07:54.446,1.52416,1.52436,1.00,1.00
2015.05.12 16:07:54.745,1.52411,1.52436,1.00,1.00
2015.05.12 16:07:54.924,1.52415,1.52436,1.00,1.00
2015.05.12 16:07:55.213,1.52415,1.52447,1.00,1.50
2015.05.12 16:07:55.314,1.52415,1.52436,1.00,1.00
2015.05.12 16:08:04.684,1.52415,1.52446,1.00,1.37
2015.05.12 16:08:11.688,1.52415,1.52446,1.00,1.00
2015.05.12 16:08:11.739,1.52421,1.52446,1.00,1.00
2015.05.12 16:08:12.142,1.52421,1.52463,1.00,1.75
2015.05.12 16:08:12.193,1.52421,1.52463,1.00,1.37
2015.05.12 16:08:12.397,1.52421,1.52456,1.00,1.00
2015.05.12 16:08:12.700,1.52426,1.52456,1.00,1.00
2015.05.12 16:08:13.973,1.52433,1.52456,1.00,1.00
2015.05.12 16:08:14.125,1.52433,1.52466,1.00,1.00
2015.05.12 16:08:14.538,1.52433,1.52467,1.00,1.37
2015.05.12 16:08:14.841,1.52433,1.52456,1.00,1.00
2015.05.12 16:08:22.840,1.52433,1.52457,1.00,1.00
2015.05.12 16:08:24.238,1.52433,1.52456,1.00,1.00
2015.05.12 16:08:26.455,1.52433,1.52457,1.00,1.00
2015.05.12 16:08:26.795,1.52433,1.52466,1.00,1.37
2015.05.12 16:08:29.628,1.52433,1.52456,1.00,1.00
2015.05.12 16:08:35.128,1.52433,1.52466,1.00,1.00
2015.05.12 16:08:44.942,1.52433,1.52467,1.00,1.00
2015.05.12 16:08:53.386,1.52438,1.52467,1.00,1.00
2015.05.12 16:08:53.606,1.52438,1.52477,1.00,1.37
2015.05.12 16:08:55.122,1.52446,1.52477,1.00,1.00
2015.05.12 16:08:55.426,1.52443,1.52476,1.00,1.00
2015.05.12 16:08:55.618,1.52451,1.52477,1.00,1.00
2015.05.12 16:08:55.820,1.52451,1.52487,1.00,1.12
2015.05.12 16:08:56.435,1.52451,1.52486,1.00,1.00
2015.05.12 16:08:57.278,1.52451,1.52487,1.00,1.12
2015.05.12 16:08:58.017,1.52451,1.52486,1.00,1.00
2015.05.12 16:09:03.095,1.52451,1.52487,1.00,1.00
2015.05.12 16:09:05.391,1.52451,1.52487,1.00,1.75
2015.05.12 16:09:05.493,1.52451,1.52487,1.00,1.87
2015.05.12 16:09:05.544,1.52447,1.52487,1.00,1.87
2015.05.12 16:09:06.079,1.52447,1.52486,1.00,1.37
2015.05.12 16:09:08.136,1.52447,1.52476,1.00,1.00
2015.05.12 16:09:09.376,1.52447,1.52476,1.00,1.37
2015.05.12 16:09:09.547,1.52439,1.52482,1.00,1.75
2015.05.12 16:09:09.599,1.52439,1.52482,1.12,1.37
2015.05.12 16:09:09.649,1.52447,1.52485,1.00,1.37
2015.05.12 16:09:09.958,1.52447,1.52476,1.00,1.00
2015.05.12 16:09:10.316,1.52447,1.52467,1.00,1.00
2015.05.12 16:09:10.557,1.5244,1.52466,1.00,1.00
2015.05.12 16:09:11.413,1.52445,1.52466,1.00,1.00
2015.05.12 16:09:12.755,1.52439,1.52466,1.00,1.00
2015.05.12 16:09:14.650,1.52439,1.52477,1.00,1.00
2015.05.12 16:09:14.751,1.52442,1.52476,1.00,1.00
2015.05.12 16:09:15.294,1.52442,1.52477,1.00,1.00
2015.05.12 16:09:15.654,1.52442,1.52486,1.00,1.75
2015.05.12 16:09:15.954,1.52442,1.52476,1.00,1.00
2015.05.12 16:09:22.350,1.52442,1.52486,1.00,1.50
2015.05.12 16:09:22.451,1.52442,1.52476,1.00,1.00
2015.05.12 16:09:23.686,1.52442,1.52477,1.00,1.00
2015.05.12 16:09:23.787,1.52442,1.52486,1.00,1.50
2015.05.12 16:09:27.527,1.52442,1.52476,1.00,1.00
2015.05.12 16:09:27.830,1.52448,1.52487,1.00,1.75
2015.05.12 16:09:27.880,1.52448,1.52487,1.00,1.12
2015.05.12 16:09:28.032,1.52455,1.52487,1.00,1.00
2015.05.12 16:09:28.184,1.52455,1.52497,1.00,1.75
2015.05.12 16:09:28.285,1.52455,1.52497,1.00,1.37
2015.05.12 16:09:28.769,1.52455,1.52496,1.00,1.50
2015.05.12 16:09:29.072,1.52455,1.52487,1.00,1.12
2015.05.12 16:09:29.649,1.52455,1.52486,1.00,1.00
2015.05.12 16:09:33.758,1.52455,1.52487,1.00,1.00
2015.05.12 16:09:34.463,1.52455,1.52497,1.00,1.37
2015.05.12 16:09:34.564,1.52455,1.52497,1.00,1.00
2015.05.12 16:09:34.766,1.52455,1.52486,1.00,1.00
2015.05.12 16:09:35.330,1.52455,1.52487,1.00,1.00
2015.05.12 16:09:35.881,1.52455,1.52486,1.00,1.00
2015.05.12 16:09:36.249,1.52459,1.52486,1.00,1.00
2015.05.12 16:09:36.525,1.52459,1.52497,1.00,1.37
2015.05.12 16:09:37.086,1.52459,1.52497,1.00,1.00
2015.05.12 16:09:38.384,1.52459,1.52496,1.00,1.37
2015.05.12 16:09:38.687,1.52459,1.52477,1.00,1.00
2015.05.12 16:09:38.737,1.52459,1.52486,1.00,1.00
2015.05.12 16:09:39.156,1.52459,1.52476,1.00,1.00
2015.05.12 16:09:39.855,1.52459,1.52477,1.00,1.00
2015.05.12 16:09:41.601,1.52459,1.52476,1.00,1.00
2015.05.12 16:09:41.753,1.52454,1.52476,1.00,1.00
2015.05.12 16:09:41.924,1.52454,1.52486,1.00,1.00
2015.05.12 16:09:42.025,1.52454,1.52476,1.00,1.00
2015.05.12 16:09:44.654,1.5245,1.52477,1.00,1.00
2015.05.12 16:09:45.007,1.5245,1.52467,1.00,1.00
2015.05.12 16:09:45.109,1.5245,1.52476,1.00,1.00
2015.05.12 16:09:46.219,1.5245,1.52477,1.00,1.00
2015.05.12 16:09:46.864,1.5245,1.52486,1.00,1.87
2015.05.12 16:09:47.195,1.5245,1.52476,1.00,1.00
2015.05.12 16:09:49.375,1.5245,1.52486,1.00,1.37
2015.05.12 16:09:49.938,1.5245,1.52486,1.00,1.12
2015.05.12 16:09:58.877,1.52455,1.52486,1.00,1.00
2015.05.12 16:10:10.080,1.52455,1.52489,1.00,1.00
2015.05.12 16:10:10.348,1.52455,1.52496,1.00,1.50
2015.05.12 16:10:10.399,1.52455,1.52487,1.00,1.00
2015.05.12 16:10:12.589,1.52455,1.52486,1.00,1.00
2015.05.12 16:10:15.082,1.5246,1.52486,1.00,1.00
2015.05.12 16:10:15.133,1.5246,1.52496,1.00,1.37
2015.05.12 16:10:17.297,1.5246,1.52497,1.00,1.50
2015.05.12 16:10:17.623,1.5246,1.52486,1.00,1.00
2015.05.12 16:10:21.536,1.5246,1.52487,1.00,1.00
2015.05.12 16:10:21.637,1.52452,1.52487,1.00,1.00
2015.05.12 16:10:22.224,1.52452,1.52487,1.00,1.37
2015.05.12 16:10:24.479,1.52452,1.52487,1.00,1.37
2015.05.12 16:10:29.987,1.52452,1.52486,1.00,1.00
2015.05.12 16:10:32.301,1.52452,1.52486,1.00,1.37
2015.05.12 16:10:35.055,1.52452,1.52486,1.00,1.00
2015.05.12 16:10:35.459,1.52458,1.52486,1.00,1.00
2015.05.12 16:10:35.611,1.52464,1.52496,1.00,1.37
2015.05.12 16:10:35.713,1.52464,1.52497,1.00,1.75
2015.05.12 16:10:36.474,1.52459,1.52487,1.00,1.00
2015.05.12 16:10:37.042,1.52459,1.52486,1.00,1.12
2015.05.12 16:10:37.567,1.52459,1.52487,1.00,1.00
2015.05.12 16:10:38.876,1.52459,1.52486,1.00,1.00
2015.05.12 16:10:40.006,1.52459,1.52487,1.00,1.00
2015.05.12 16:10:40.057,1.52466,1.52487,1.00,1.00
2015.05.12 16:10:41.089,1.52459,1.52487,1.00,1.00
2015.05.12 16:10:42.111,1.52459,1.52497,1.00,1.00
2015.05.12 16:10:42.263,1.52465,1.52497,1.00,1.00
2015.05.12 16:10:42.849,1.52465,1.52496,1.00,1.00
2015.05.12 16:10:44.580,1.52465,1.52497,1.00,1.00
2015.05.12 16:10:44.833,1.52459,1.52496,1.00,1.12
2015.05.12 16:10:44.934,1.52459,1.52496,1.00,1.37
2015.05.12 16:10:45.452,1.52459,1.52497,1.00,1.37
2015.05.12 16:10:47.038,1.52459,1.52496,1.00,1.00
2015.05.12 16:10:47.139,1.52459,1.52502,1.00,1.37
2015.05.12 16:10:47.240,1.52466,1.52506,1.00,1.37
2015.05.12 16:10:47.643,1.52466,1.52506,1.00,1.37
2015.05.12 16:10:48.064,1.52466,1.52506,1.00,1.00
2015.05.12 16:10:50.063,1.52466,1.52506,1.00,1.37
2015.05.12 16:10:54.680,1.52466,1.52503,1.00,1.50
2015.05.12 16:10:56.190,1.52466,1.52496,1.00,1.00
2015.05.12 16:10:57.133,1.52472,1.52496,1.00,1.00
2015.05.12 16:10:57.269,1.52472,1.52507,1.00,1.00
2015.05.12 16:10:59.468,1.52472,1.52506,1.00,1.00
2015.05.12 16:11:00.093,1.52472,1.52507,1.00,1.00
2015.05.12 16:11:05.895,1.52478,1.52507,1.00,1.00
2015.05.12 16:11:06.223,1.52483,1.52506,1.00,1.00
2015.05.12 16:11:06.728,1.52483,1.52516,1.00,1.00
2015.05.12 16:11:08.577,1.52483,1.52517,1.00,1.12
2015.05.12 16:11:09.911,1.52483,1.52516,1.00,1.00
2015.05.12 16:11:10.365,1.52491,1.52517,1.00,1.12
2015.05.12 16:11:12.347,1.52491,1.52516,1.00,1.00
2015.05.12 16:11:15.446,1.52484,1.52516,1.00,1.00
2015.05.12 16:11:17.900,1.5249,1.52516,1.00,1.00
2015.05.12 16:11:18.170,1.5249,1.52527,1.00,1.37
2015.05.12 16:11:18.388,1.5249,1.52526,1.00,1.50
2015.05.12 16:11:18.693,1.5249,1.52516,1.00,1.00
2015.05.12 16:11:21.666,1.5249,1.52517,1.00,1.00
2015.05.12 16:11:22.271,1.5249,1.52516,1.00,1.00
2015.05.12 16:11:25.978,1.5249,1.52517,1.00,1.00
2015.05.12 16:11:29.850,1.5249,1.52516,1.00,1.00
2015.05.12 16:11:30.491,1.5249,1.52526,1.00,1.37
2015.05.12 16:11:30.845,1.5249,1.52517,1.00,1.00
2015.05.12 16:11:31.616,1.5249,1.52516,1.00,1.00
2015.05.12 16:11:33.625,1.5249,1.52517,1.00,1.00
2015.05.12 16:11:40.156,1.52494,1.52526,1.00,1.12
2015.05.12 16:11:40.697,1.525,1.52526,1.00,1.00
2015.05.12 16:11:42.576,1.525,1.52527,1.00,1.00
2015.05.12 16:11:43.012,1.52495,1.52526,1.00,1.37
2015.05.12 16:11:43.112,1.52495,1.52526,1.00,1.37
2015.05.12 16:11:43.402,1.52489,1.52526,1.00,1.75
2015.05.12 16:11:43.455,1.52489,1.52517,1.00,1.00
2015.05.12 16:11:44.236,1.52489,1.52526,1.00,1.37
2015.05.12 16:11:44.822,1.52489,1.52526,1.00,1.00
2015.05.12 16:11:47.760,1.52489,1.52527,1.00,1.00
2015.05.12 16:11:48.265,1.52489,1.52526,1.00,1.00
2015.05.12 16:11:48.757,1.52495,1.52526,1.00,1.00
2015.05.12 16:11:49.960,1.52495,1.52535,1.00,1.75
2015.05.12 16:11:50.011,1.52495,1.52535,1.00,2.25
2015.05.12 16:11:50.213,1.52495,1.52527,1.00,1.37
2015.05.12 16:11:50.564,1.52495,1.52517,1.00,1.00
2015.05.12 16:11:51.047,1.52495,1.52526,1.00,1.00
2015.05.12 16:11:51.576,1.52495,1.52527,1.00,1.00
2015.05.12 16:11:51.778,1.52501,1.52526,1.00,1.00
2015.05.12 16:11:53.718,1.52501,1.52527,1.00,1.00
2015.05.12 16:11:55.106,1.52501,1.52526,1.00,1.00
2015.05.12 16:11:55.524,1.52506,1.52526,1.00,1.00
2015.05.12 16:11:55.576,1.52506,1.52537,1.00,1.00
2015.05.12 16:11:55.878,1.52506,1.52526,1.00,1.00
2015.05.12 16:11:56.030,1.52506,1.52536,1.00,1.00
2015.05.12 16:11:58.875,1.52501,1.52536,1.00,1.37
2015.05.12 16:11:59.205,1.52501,1.52527,1.00,1.00
2015.05.12 16:11:59.724,1.52501,1.52526,1.00,1.00
2015.05.12 16:12:00.027,1.52507,1.52526,1.00,1.00
2015.05.12 16:12:00.279,1.52507,1.52536,1.00,1.00
2015.05.12 16:12:03.733,1.52507,1.52537,1.00,1.12
2015.05.12 16:12:03.784,1.52507,1.52537,1.00,1.37
2015.05.12 16:12:03.885,1.52507,1.52544,1.00,1.75
2015.05.12 16:12:04.138,1.52507,1.52546,1.00,1.75
2015.05.12 16:12:04.711,1.52512,1.52546,1.00,1.37
2015.05.12 16:12:04.963,1.52511,1.52556,1.00,3.45
2015.05.12 16:12:05.014,1.52511,1.52556,1.00,3.45
2015.05.12 16:12:05.316,1.52511,1.52536,1.00,1.00
2015.05.12 16:12:06.699,1.52507,1.52536,1.00,1.00
2015.05.12 16:12:06.800,1.52507,1.52527,1.00,1.00
2015.05.12 16:12:07.042,1.52502,1.52527,1.00,1.00
2015.05.12 16:12:07.144,1.52502,1.52545,1.00,1.75
2015.05.12 16:12:07.303,1.52502,1.52537,1.00,1.12
2015.05.12 16:12:07.454,1.52502,1.52526,1.00,1.00
2015.05.12 16:12:07.556,1.52502,1.52536,1.00,1.00
2015.05.12 16:12:07.657,1.52506,1.52545,1.00,1.37
2015.05.12 16:12:08.230,1.52506,1.52545,1.00,1.00
2015.05.12 16:12:08.713,1.52506,1.52547,1.00,1.12
2015.05.12 16:12:10.049,1.52513,1.52547,1.00,1.37
2015.05.12 16:12:17.913,1.52513,1.52547,1.00,1.00
2015.05.12 16:12:18.454,1.52513,1.52546,1.00,1.00
2015.05.12 16:12:18.985,1.52513,1.52547,1.00,1.12
2015.05.12 16:12:23.116,1.52513,1.52556,1.00,1.75
2015.05.12 16:12:23.298,1.5252,1.52556,1.00,1.37
2015.05.12 16:12:23.601,1.52526,1.52546,1.00,1.00
2015.05.12 16:12:23.652,1.52526,1.52557,1.00,1.00
2015.05.12 16:12:24.005,1.52526,1.52563,1.00,1.00
2015.05.12 16:12:24.105,1.52526,1.52565,1.00,1.00
2015.05.12 16:12:24.394,1.5252,1.52564,1.00,1.00
2015.05.12 16:12:24.444,1.52526,1.52564,1.00,1.00
2015.05.12 16:12:25.689,1.52526,1.52566,1.00,1.12
2015.05.12 16:12:31.353,1.52526,1.52566,1.00,1.37
2015.05.12 16:12:34.364,1.52521,1.52557,1.00,1.00
2015.05.12 16:12:34.900,1.52521,1.52556,1.00,1.00
2015.05.12 16:12:36.441,1.52515,1.52556,1.37,1.12
2015.05.12 16:12:36.491,1.52522,1.52556,1.00,1.12
2015.05.12 16:12:36.925,1.52532,1.52556,1.00,1.00
2015.05.12 16:12:38.101,1.52532,1.52557,1.00,1.00
2015.05.12 16:12:38.152,1.52525,1.52557,1.00,1.00
2015.05.12 16:12:38.647,1.52525,1.52546,1.00,1.00
2015.05.12 16:12:38.849,1.52525,1.52557,1.00,1.00
2015.05.12 16:12:39.597,1.52525,1.52556,1.00,1.00
2015.05.12 16:12:42.752,1.5253,1.52556,1.00,1.00
2015.05.12 16:12:42.803,1.5253,1.52567,1.00,1.00
2015.05.12 16:12:43.317,1.5253,1.52566,1.00,1.00
2015.05.12 16:12:44.218,1.5253,1.52572,1.00,1.37
2015.05.12 16:12:44.594,1.5253,1.52566,1.00,1.00
2015.05.12 16:12:45.129,1.52532,1.52566,1.00,1.00
2015.05.12 16:12:46.895,1.52532,1.52572,1.00,1.37
2015.05.12 16:12:50.306,1.52532,1.52576,1.00,1.37
2015.05.12 16:12:51.041,1.52532,1.52576,1.00,1.37
2015.05.12 16:12:51.142,1.52532,1.52576,1.00,1.12
2015.05.12 16:12:51.192,1.52536,1.52576,1.00,1.12
2015.05.12 16:12:52.134,1.52536,1.52577,1.00,1.00
2015.05.12 16:12:52.236,1.52534,1.52577,1.00,1.00
2015.05.12 16:12:53.355,1.52534,1.52576,1.00,1.00
2015.05.12 16:12:54.427,1.52534,1.52576,1.37,1.00
2015.05.12 16:12:54.478,1.52545,1.52584,1.00,1.87
2015.05.12 16:12:54.528,1.52539,1.52584,1.00,1.87
2015.05.12 16:12:54.579,1.52539,1.52576,1.00,1.00
2015.05.12 16:12:54.883,1.52539,1.52584,1.00,1.87
2015.05.12 16:12:55.170,1.52544,1.52584,1.00,1.87
2015.05.12 16:12:55.515,1.5254,1.52584,1.00,2.25
2015.05.12 16:12:56.125,1.52533,1.52566,1.00,1.00
2015.05.12 16:12:57.608,1.52538,1.52566,1.00,1.00
2015.05.12 16:12:58.946,1.52538,1.52566,1.00,1.37
2015.05.12 16:12:59.097,1.52531,1.52566,1.00,1.00
2015.05.12 16:13:00.180,1.52537,1.52566,1.00,1.00
2015.05.12 16:13:00.726,1.52537,1.52567,1.00,1.00
2015.05.12 16:13:00.877,1.52532,1.52566,1.00,1.00
2015.05.12 16:13:00.928,1.52537,1.52566,1.00,1.00
2015.05.12 16:13:01.029,1.5253,1.52566,1.00,1.00
2015.05.12 16:13:01.548,1.5253,1.52567,1.00,1.12
2015.05.12 16:13:01.599,1.5253,1.52576,1.00,1.75
2015.05.12 16:13:02.103,1.5253,1.52566,1.00,1.12
2015.05.12 16:13:02.593,1.5253,1.52566,1.00,1.37
2015.05.12 16:13:02.694,1.5253,1.52566,1.00,1.12
2015.05.12 16:13:03.248,1.52526,1.52566,1.00,1.12
2015.05.12 16:13:09.688,1.52531,1.52566,1.00,1.00
2015.05.12 16:13:10.394,1.52531,1.52567,1.00,1.12
2015.05.12 16:13:15.121,1.52531,1.52566,1.00,1.00
2015.05.12 16:13:15.659,1.52531,1.52566,1.00,1.37
2015.05.12 16:13:16.185,1.52526,1.52566,1.00,1.37
2015.05.12 16:13:16.236,1.52526,1.52566,1.00,1.75
2015.05.12 16:13:16.337,1.52526,1.52566,1.00,1.37
2015.05.12 16:13:16.702,1.52526,1.52566,1.00,1.75
2015.05.12 16:13:17.005,1.52526,1.52566,1.00,3.00
2015.05.12 16:13:17.115,1.52526,1.52566,1.00,1.87
2015.05.12 16:13:17.216,1.52526,1.52575,1.00,1.00
2015.05.12 16:13:17.267,1.52533,1.52577,1.00,1.00
2015.05.12 16:13:17.570,1.52533,1.52575,1.00,1.00
2015.05.12 16:13:17.874,1.52533,1.52567,1.00,1.00
2015.05.12 16:13:20.863,1.52538,1.52567,1.00,1.00
2015.05.12 16:13:20.964,1.52538,1.52577,1.00,1.00
2015.05.12 16:13:21.519,1.52538,1.52577,1.37,1.00
2015.05.12 16:13:22.035,1.52538,1.52576,1.37,1.00
2015.05.12 16:13:22.238,1.52538,1.52577,1.00,1.37
2015.05.12 16:13:22.628,1.52538,1.52566,1.00,1.00
2015.05.12 16:13:24.694,1.52538,1.52567,1.00,1.00
2015.05.12 16:13:24.846,1.52546,1.52582,1.00,1.37
2015.05.12 16:13:24.897,1.52539,1.52582,1.37,1.37
2015.05.12 16:13:25.021,1.52539,1.52576,1.37,1.00
2015.05.12 16:13:25.353,1.52539,1.52566,1.00,1.00
2015.05.12 16:13:25.862,1.52539,1.52567,1.00,1.00
2015.05.12 16:13:26.356,1.52539,1.52576,1.37,1.00
2015.05.12 16:13:27.390,1.52539,1.52576,1.00,1.00
2015.05.12 16:13:27.611,1.52539,1.52576,1.00,1.75
2015.05.12 16:13:27.762,1.52532,1.52577,1.00,1.75
2015.05.12 16:13:27.813,1.52532,1.52577,1.12,1.37
2015.05.12 16:13:27.914,1.52532,1.52577,1.37,1.37
2015.05.12 16:13:28.142,1.52532,1.52567,1.37,1.00
2015.05.12 16:13:28.652,1.52539,1.52576,1.00,1.37
2015.05.12 16:13:28.884,1.52539,1.52577,1.00,1.75
2015.05.12 16:13:29.246,1.52539,1.52566,1.00,1.00
2015.05.12 16:13:36.579,1.52534,1.52566,1.00,1.00
2015.05.12 16:13:36.833,1.52534,1.52576,1.00,1.12
2015.05.12 16:13:37.112,1.52534,1.52577,1.12,1.37
2015.05.12 16:13:37.609,1.52534,1.52577,1.37,1.37
2015.05.12 16:13:38.186,1.52534,1.52577,1.00,1.37
2015.05.12 16:13:38.489,1.52534,1.52577,1.37,1.37
2015.05.12 16:13:38.891,1.52534,1.52567,1.37,1.00
2015.05.12 16:13:39.043,1.52534,1.52576,1.37,1.37
2015.05.12 16:13:39.094,1.52534,1.52576,1.00,1.00
2015.05.12 16:13:39.245,1.52534,1.52566,1.00,1.00
2015.05.12 16:13:39.346,1.52538,1.52576,1.00,1.00
2015.05.12 16:13:41.998,1.52538,1.52577,1.00,1.12
2015.05.12 16:13:43.427,1.52538,1.52577,1.37,1.00
2015.05.12 16:13:43.771,1.52534,1.52567,1.00,1.75
2015.05.12 16:13:44.078,1.52533,1.52569,1.00,1.00
2015.05.12 16:13:44.179,1.52533,1.52576,1.00,1.00
2015.05.12 16:13:44.280,1.5254,1.52576,1.00,1.00
2015.05.12 16:13:44.643,1.5254,1.52584,1.00,1.00
2015.05.12 16:13:44.744,1.5254,1.52577,1.00,1.00
2015.05.12 16:13:45.290,1.5254,1.52576,1.00,1.00
2015.05.12 16:13:48.890,1.5254,1.52577,1.00,1.00
2015.05.12 16:13:49.921,1.5254,1.52576,1.00,1.00
2015.05.12 16:13:50.433,1.5254,1.52577,1.00,1.00
2015.05.12 16:13:51.920,1.5254,1.52577,1.00,1.37
2015.05.12 16:13:52.221,1.5254,1.52577,1.00,1.37
2015.05.12 16:13:52.322,1.52534,1.52576,1.00,1.37
2015.05.12 16:13:53.236,1.52534,1.52576,1.00,1.37
2015.05.12 16:14:00.037,1.52534,1.52576,1.37,1.12
2015.05.12 16:14:00.378,1.52534,1.52567,1.37,1.00
2015.05.12 16:14:00.551,1.52534,1.52576,1.37,1.12
2015.05.12 16:14:02.380,1.52534,1.52576,1.00,1.37
2015.05.12 16:14:02.902,1.52534,1.52576,1.00,1.50
2015.05.12 16:14:03.244,1.52534,1.52576,1.00,1.75
2015.05.12 16:14:05.197,1.52534,1.52567,1.00,1.00
2015.05.12 16:14:05.649,1.52534,1.52577,1.00,1.75
2015.05.12 16:14:06.418,1.5253,1.52566,1.00,1.00
2015.05.12 16:14:09.386,1.5253,1.52566,1.37,1.00
2015.05.12 16:14:09.652,1.52534,1.52566,1.00,1.00
2015.05.12 16:14:09.705,1.52534,1.52584,1.12,1.37
2015.05.12 16:14:09.958,1.52534,1.52584,1.00,1.75
2015.05.12 16:14:10.473,1.52534,1.52566,1.00,1.00
2015.05.12 16:14:10.574,1.52534,1.52578,1.00,2.25
2015.05.12 16:14:11.024,1.52534,1.52567,1.00,1.00
2015.05.12 16:14:11.203,1.52534,1.52578,1.00,1.75
2015.05.12 16:14:11.456,1.52534,1.52566,1.00,1.00
2015.05.12 16:14:11.551,1.52534,1.52576,1.00,1.50
2015.05.12 16:14:12.026,1.52534,1.52567,1.00,1.00
2015.05.12 16:14:14.192,1.52534,1.52566,1.00,1.00
2015.05.12 16:14:15.700,1.52534,1.52578,1.00,1.75
2015.05.12 16:14:20.067,1.52534,1.52578,1.00,1.37
2015.05.12 16:14:20.119,1.52534,1.5258,1.37,1.12
2015.05.12 16:14:20.220,1.52534,1.52576,1.00,1.37
2015.05.12 16:14:20.564,1.52534,1.52567,1.00,1.00
2015.05.12 16:14:21.206,1.52534,1.52577,1.00,1.00
2015.05.12 16:14:21.520,1.52534,1.52567,1.00,1.00
2015.05.12 16:14:22.022,1.52534,1.52566,1.00,1.00
2015.05.12 16:14:28.243,1.52534,1.52567,1.00,1.00
2015.05.12 16:14:29.350,1.52534,1.52566,1.00,1.00
2015.05.12 16:14:32.490,1.52535,1.52566,1.00,1.00
2015.05.12 16:14:32.793,1.52541,1.52566,1.12,1.00
2015.05.12 16:14:33.399,1.52541,1.52576,1.12,1.00
2015.05.12 16:14:35.635,1.52541,1.52577,1.00,1.00
2015.05.12 16:14:35.685,1.52546,1.52577,1.50,1.00
2015.05.12 16:14:36.216,1.52546,1.52576,1.50,1.00
2015.05.12 16:14:36.804,1.52546,1.52586,1.00,1.37
2015.05.12 16:14:36.940,1.52546,1.52586,1.00,1.75
2015.05.12 16:14:37.092,1.5254,1.52577,1.12,1.00
2015.05.12 16:14:37.345,1.5254,1.52576,1.00,1.37
2015.05.12 16:14:37.395,1.52537,1.52576,1.00,1.37
2015.05.12 16:14:37.446,1.52537,1.52576,1.37,1.00
2015.05.12 16:14:37.547,1.52535,1.52577,1.00,1.00
2015.05.12 16:14:37.598,1.52535,1.52567,1.00,1.00
2015.05.12 16:14:37.891,1.52529,1.52567,1.00,1.00
2015.05.12 16:14:38.395,1.5253,1.52567,1.00,1.00
2015.05.12 16:14:39.635,1.5253,1.52567,1.37,1.00
2015.05.12 16:14:39.887,1.52534,1.52566,1.00,1.00
2015.05.12 16:14:42.530,1.52534,1.52576,1.00,1.50
2015.05.12 16:14:42.782,1.52534,1.52567,1.00,1.00
2015.05.12 16:14:47.367,1.52534,1.52577,1.00,1.50
2015.05.12 16:14:47.579,1.52534,1.52567,1.00,1.00
2015.05.12 16:14:50.194,1.52538,1.52567,1.75,1.00
2015.05.12 16:14:50.346,1.52539,1.52586,1.50,1.37
2015.05.12 16:14:50.519,1.52545,1.52587,1.87,1.37
2015.05.12 16:14:51.141,1.52545,1.52576,2.62,1.00
2015.05.12 16:14:51.350,1.52545,1.52587,2.62,1.37
2015.05.12 16:14:51.401,1.52545,1.52587,2.62,1.00
2015.05.12 16:14:55.059,1.52545,1.52586,2.62,1.00
2015.05.12 16:14:59.476,1.52545,1.52587,2.62,1.00
2015.05.12 16:14:59.728,1.52545,1.52586,2.62,1.12
2015.05.12 16:14:59.923,1.52545,1.52587,2.62,1.37
2015.05.12 16:15:00.228,1.52551,1.52587,1.37,1.00
2015.05.12 16:15:00.380,1.52555,1.52596,1.00,1.37
2015.05.12 16:15:00.582,1.52555,1.52587,1.00,1.00
2015.05.12 16:15:01.111,1.52555,1.52586,1.00,1.00
2015.05.12 16:15:02.922,1.52555,1.52587,1.00,1.00
2015.05.12 16:15:03.803,1.52555,1.52586,1.00,1.00
2015.05.12 16:15:05.624,1.52554,1.52587,1.00,1.00
2015.05.12 16:15:05.951,1.52554,1.52577,1.00,1.00
2015.05.12 16:15:06.052,1.52551,1.52577,1.00,1.00
2015.05.12 16:15:06.103,1.52551,1.52586,1.00,1.00
2015.05.12 16:15:06.364,1.52551,1.52576,1.00,1.00
2015.05.12 16:15:07.193,1.52551,1.52586,1.00,1.00
2015.05.12 16:15:10.861,1.52551,1.52586,1.87,1.00
2015.05.12 16:15:12.892,1.52551,1.52586,1.87,1.00
2015.05.12 16:15:13.197,1.52556,1.52586,1.37,1.00
2015.05.12 16:15:17.832,1.52556,1.52596,1.87,1.12
2015.05.12 16:15:18.051,1.52556,1.52587,1.87,1.00
2015.05.12 16:15:18.925,1.52556,1.52587,1.50,1.00
2015.05.12 16:15:19.295,1.52556,1.52586,1.87,1.00
2015.05.12 16:15:20.034,1.52556,1.52597,1.87,1.00
2015.05.12 16:15:20.802,1.52556,1.52596,1.87,1.00
2015.05.12 16:15:21.352,1.52556,1.52597,1.87,1.00
2015.05.12 16:15:21.940,1.52556,1.52596,1.87,1.00
2015.05.12 16:15:22.483,1.52556,1.52596,1.87,1.00
2015.05.12 16:15:22.533,1.52556,1.52596,2.25,1.00
2015.05.12 16:15:22.903,1.5256,1.52596,1.37,1.00
2015.05.12 16:15:23.433,1.5256,1.52597,1.37,1.00
2015.05.12 16:15:26.224,1.5256,1.52597,1.12,1.00
2015.05.12 16:15:26.386,1.52562,1.52597,1.00,1.00
2015.05.12 16:15:27.403,1.52562,1.52596,1.00,1.00
2015.05.12 16:15:37.083,1.52562,1.52586,1.00,1.00
2015.05.12 16:15:37.748,1.52556,1.52586,1.37,1.00
2015.05.12 16:15:39.325,1.52556,1.52596,1.37,1.00
2015.05.12 16:15:39.501,1.52556,1.52587,1.37,1.00
2015.05.12 16:15:40.244,1.5256,1.52587,1.00,1.00
2015.05.12 16:15:40.596,1.52563,1.52586,1.37,1.00
2015.05.12 16:15:41.966,1.52563,1.52596,1.37,1.00
2015.05.12 16:15:42.992,1.52563,1.52596,1.37,1.00
2015.05.12 16:15:43.318,1.52567,1.52596,1.37,1.00
2015.05.12 16:15:48.336,1.52567,1.52586,1.37,1.00
2015.05.12 16:15:48.869,1.52567,1.52587,1.00,1.00
2015.05.12 16:15:49.871,1.52567,1.52597,1.00,1.00
2015.05.12 16:15:50.203,1.52567,1.52596,1.37,1.00
2015.05.12 16:15:50.879,1.52567,1.52597,1.37,1.00
2015.05.12 16:15:53.197,1.52573,1.52597,1.00,1.00
2015.05.12 16:15:55.451,1.52573,1.52597,1.37,1.00
2015.05.12 16:15:55.640,1.52573,1.52597,1.00,1.00
2015.05.12 16:15:55.742,1.52573,1.52597,1.37,1.00
2015.05.12 16:15:58.024,1.52573,1.52596,1.37,1.00
2015.05.12 16:15:58.388,1.52578,1.52597,1.00,1.00
2015.05.12 16:15:58.691,1.52578,1.52597,1.37,1.00
2015.05.12 16:15:59.412,1.52578,1.52606,1.37,1.00
2015.05.12 16:16:00.552,1.52582,1.52607,1.00,1.00
2015.05.12 16:16:00.756,1.52578,1.52607,1.37,1.00
2015.05.12 16:16:01.353,1.52577,1.52606,1.37,1.00
2015.05.12 16:16:02.366,1.52577,1.52606,1.00,1.00
2015.05.12 16:16:02.468,1.52573,1.52606,1.37,1.00
2015.05.12 16:16:03.464,1.52573,1.52606,1.37,1.00
2015.05.12 16:16:03.717,1.52577,1.52616,1.00,1.00
2015.05.12 16:16:03.767,1.52585,1.52616,1.00,1.00
2015.05.12 16:16:03.818,1.52582,1.52616,1.37,1.00
2015.05.12 16:16:04.070,1.52583,1.52606,1.12,1.00
2015.05.12 16:16:07.182,1.52581,1.52606,1.00,1.00
2015.05.12 16:16:07.233,1.52579,1.52616,1.00,1.00
2015.05.12 16:16:07.283,1.52584,1.52616,1.00,1.12
2015.05.12 16:16:07.334,1.52582,1.52617,1.00,1.37
2015.05.12 16:16:07.586,1.52582,1.52606,1.00,1.00
2015.05.12 16:16:07.931,1.52575,1.52606,1.87,1.00
2015.05.12 16:16:08.446,1.52576,1.52606,1.37,1.00
2015.05.12 16:16:10.664,1.52576,1.52606,1.00,1.00
2015.05.12 16:16:12.974,1.52576,1.52616,1.00,1.37
2015.05.12 16:16:13.075,1.52576,1.52606,1.00,1.00
2015.05.12 16:16:13.478,1.52576,1.52606,1.87,1.00
2015.05.12 16:16:13.648,1.52581,1.52617,1.37,1.00
2015.05.12 16:16:13.852,1.52581,1.52606,1.37,1.00
2015.05.12 16:16:14.184,1.52581,1.52617,1.37,1.00
2015.05.12 16:16:14.731,1.52581,1.52616,1.87,1.00
2015.05.12 16:16:15.806,1.52586,1.52617,1.37,1.00
2015.05.12 16:16:16.109,1.52593,1.52626,1.37,1.00
2015.05.12 16:16:16.399,1.52592,1.52627,1.00,1.00
2015.05.12 16:16:16.659,1.52595,1.52627,1.00,1.00
2015.05.12 16:16:16.962,1.52598,1.52626,1.00,1.00
2015.05.12 16:16:17.501,1.52597,1.52626,1.50,1.00
2015.05.12 16:16:17.832,1.52597,1.52626,2.25,1.00
2015.05.12 16:16:20.912,1.52598,1.52626,1.37,1.00
2015.05.12 16:16:21.114,1.52597,1.52627,3.00,1.00
2015.05.12 16:16:21.215,1.52604,1.52636,1.37,1.00
2015.05.12 16:16:21.425,1.52604,1.52637,1.50,1.12
2015.05.12 16:16:21.526,1.52606,1.52651,1.50,1.37
2015.05.12 16:16:21.734,1.52601,1.52651,1.00,1.37
2015.05.12 16:16:21.784,1.52601,1.52637,1.00,1.00
2015.05.12 16:16:22.346,1.52602,1.52637,1.00,1.00
2015.05.12 16:16:22.968,1.52601,1.52637,1.00,1.00
2015.05.12 16:16:24.831,1.52601,1.52636,1.00,1.00
2015.05.12 16:16:25.405,1.52601,1.52637,1.00,1.00
2015.05.12 16:16:26.649,1.52596,1.52637,1.87,1.00
2015.05.12 16:16:27.280,1.52596,1.52636,1.87,1.00
2015.05.12 16:16:27.816,1.526,1.52636,1.00,1.00
2015.05.12 16:16:28.019,1.526,1.52646,1.00,1.75
2015.05.12 16:16:28.070,1.526,1.52646,1.00,1.50
2015.05.12 16:16:28.172,1.526,1.52646,1.37,1.37
2015.05.12 16:16:28.374,1.526,1.52637,1.37,1.00
2015.05.12 16:16:31.182,1.526,1.52637,1.00,1.00
2015.05.12 16:16:31.905,1.526,1.52636,1.12,1.00
2015.05.12 16:16:32.084,1.526,1.52646,1.12,1.12
2015.05.12 16:16:32.290,1.52606,1.52646,1.00,1.00
2015.05.12 16:16:32.341,1.52606,1.52653,1.00,1.12
2015.05.12 16:16:32.391,1.52606,1.52653,1.00,1.50
2015.05.12 16:16:32.692,1.52606,1.52653,1.00,1.75
2015.05.12 16:16:33.037,1.52606,1.52636,1.00,1.00
2015.05.12 16:16:33.189,1.52602,1.52637,1.00,1.00
2015.05.12 16:16:33.340,1.52607,1.52637,1.00,1.00
2015.05.12 16:16:33.870,1.52613,1.52636,1.00,1.00
2015.05.12 16:16:33.971,1.52608,1.52636,1.00,1.00
2015.05.12 16:16:34.396,1.52608,1.52646,1.00,1.00
2015.05.12 16:16:34.583,1.52602,1.52637,1.50,1.00
2015.05.12 16:16:34.837,1.5261,1.52646,1.00,1.00
2015.05.12 16:16:34.938,1.52607,1.52646,1.37,1.00
2015.05.12 16:16:35.269,1.52607,1.52636,1.37,1.00
2015.05.12 16:16:35.380,1.52607,1.52646,1.37,1.00
2015.05.12 16:16:35.481,1.52612,1.52646,1.00,1.00
2015.05.12 16:16:35.816,1.52607,1.52636,1.00,1.00
2015.05.12 16:16:35.867,1.52607,1.52646,1.00,1.00
2015.05.12 16:16:36.019,1.52613,1.52646,1.00,1.00
2015.05.12 16:16:36.553,1.52607,1.52646,1.00,1.00
2015.05.12 16:16:36.603,1.52607,1.52646,1.00,1.75
2015.05.12 16:16:36.725,1.52601,1.52646,1.50,2.25
2015.05.12 16:16:36.952,1.52601,1.52627,1.00,1.00
2015.05.12 16:16:37.603,1.52601,1.52636,1.00,1.12
2015.05.12 16:16:38.805,1.52601,1.52637,1.00,1.00
2015.05.12 16:16:39.396,1.52601,1.52636,1.00,1.00
2015.05.12 16:16:39.447,1.52601,1.52626,1.00,1.00
2015.05.12 16:16:39.608,1.52601,1.52636,1.00,1.37
2015.05.12 16:16:41.162,1.52597,1.52637,1.00,1.37
2015.05.12 16:16:41.264,1.52596,1.52636,1.37,1.00
2015.05.12 16:16:41.467,1.52603,1.52637,1.00,1.00
2015.05.12 16:16:41.569,1.52603,1.52646,1.00,2.62
2015.05.12 16:16:41.670,1.52603,1.52646,1.00,2.62
2015.05.12 16:16:41.771,1.52603,1.52637,1.00,1.00
2015.05.12 16:16:42.114,1.52597,1.52636,1.00,1.00
2015.05.12 16:16:42.615,1.52597,1.52637,1.00,1.00
2015.05.12 16:16:42.666,1.52597,1.52627,1.00,1.00
2015.05.12 16:16:43.381,1.52592,1.52627,1.00,1.00
2015.05.12 16:16:43.634,1.52592,1.52637,1.00,1.12
2015.05.12 16:16:43.875,1.52592,1.52626,1.00,1.00
2015.05.12 16:16:44.218,1.52596,1.52626,1.00,1.00
2015.05.12 16:16:45.221,1.52596,1.52627,1.00,1.00
2015.05.12 16:16:45.322,1.52596,1.52636,1.00,1.00
2015.05.12 16:16:45.481,1.52602,1.52636,1.00,1.00
2015.05.12 16:16:45.784,1.52602,1.52636,1.00,1.37
2015.05.12 16:16:45.885,1.52596,1.52636,1.00,1.75
2015.05.12 16:16:45.991,1.52596,1.52637,1.00,1.37
2015.05.12 16:16:46.395,1.52596,1.52626,1.00,1.00
2015.05.12 16:16:46.612,1.52596,1.52636,1.00,1.37
2015.05.12 16:16:47.400,1.52596,1.52627,1.00,1.00
2015.05.12 16:16:47.630,1.52596,1.52636,1.00,1.37
2015.05.12 16:16:48.479,1.52596,1.52627,1.00,1.00
2015.05.12 16:16:49.029,1.52596,1.52626,1.00,1.00
2015.05.12 16:16:49.080,1.52589,1.52626,1.00,1.00
2015.05.12 16:16:49.382,1.52589,1.52617,1.00,1.00
2015.05.12 16:16:49.584,1.52589,1.52626,1.12,1.00
2015.05.12 16:16:50.144,1.52589,1.52627,1.12,1.00
2015.05.12 16:16:50.390,1.52589,1.52627,1.37,1.00
2015.05.12 16:16:50.766,1.52589,1.52626,1.12,1.00
2015.05.12 16:16:56.174,1.52593,1.52637,1.00,1.37
2015.05.12 16:16:56.225,1.52593,1.52637,1.50,1.00
2015.05.12 16:16:56.275,1.52595,1.52637,1.00,1.00
2015.05.12 16:16:56.377,1.52593,1.52636,1.00,1.00
2015.05.12 16:16:56.492,1.52593,1.52627,1.00,1.00
2015.05.12 16:16:56.543,1.52589,1.52636,1.00,2.25
2015.05.12 16:16:56.644,1.52589,1.52626,1.00,1.00
2015.05.12 16:16:57.098,1.52589,1.52616,1.00,1.00
2015.05.12 16:16:57.502,1.52582,1.52616,1.37,1.00
2015.05.12 16:16:58.050,1.52582,1.52626,1.00,1.37
2015.05.12 16:16:58.600,1.52582,1.52627,1.00,1.12
2015.05.12 16:17:04.007,1.52582,1.52626,1.00,1.50
2015.05.12 16:17:04.057,1.52582,1.52626,1.00,2.25
2015.05.12 16:17:04.359,1.52588,1.52633,1.00,1.00
2015.05.12 16:17:04.411,1.52593,1.52634,1.00,1.00
2015.05.12 16:17:04.462,1.52593,1.52636,1.00,1.00
2015.05.12 16:17:04.964,1.52594,1.52636,1.00,1.00
2015.05.12 16:17:05.374,1.52593,1.52626,1.00,1.00
2015.05.12 16:17:05.527,1.52593,1.52637,1.37,1.37
2015.05.12 16:17:05.678,1.52599,1.52637,1.00,1.37
2015.05.12 16:17:06.877,1.52599,1.52636,1.37,1.00
2015.05.12 16:17:06.978,1.52599,1.52646,1.37,1.37
2015.05.12 16:17:09.626,1.52599,1.52636,1.00,1.00
2015.05.12 16:17:10.166,1.52599,1.52637,1.00,1.00
2015.05.12 16:17:10.481,1.52599,1.52646,1.00,1.50
2015.05.12 16:17:10.779,1.52599,1.52647,1.50,1.00
2015.05.12 16:17:11.323,1.52605,1.52646,1.00,1.00
2015.05.12 16:17:11.525,1.52599,1.52646,1.00,1.75
2015.05.12 16:17:11.936,1.52599,1.52636,1.00,1.00
2015.05.12 16:17:12.940,1.52599,1.52637,1.00,1.00
2015.05.12 16:17:13.540,1.52599,1.52636,1.00,1.00
2015.05.12 16:17:22.599,1.52599,1.52637,1.00,1.00
2015.05.12 16:17:24.726,1.52592,1.52637,1.37,1.00
2015.05.12 16:17:28.621,1.52592,1.52636,1.37,1.00
2015.05.12 16:17:28.780,1.52592,1.52642,1.37,1.37
2015.05.12 16:17:28.998,1.52592,1.52636,1.37,1.00
2015.05.12 16:17:30.955,1.52592,1.52636,1.12,1.12
2015.05.12 16:17:35.744,1.52588,1.52636,2.25,1.00
2015.05.12 16:17:35.880,1.52588,1.52636,1.87,1.00
2015.05.12 16:17:40.876,1.52588,1.52636,1.37,1.37
2015.05.12 16:17:41.180,1.52592,1.52636,1.75,1.50
2015.05.12 16:17:41.281,1.52592,1.52642,2.25,1.00
2015.05.12 16:17:41.382,1.52593,1.52637,1.75,1.00
2015.05.12 16:17:41.886,1.52594,1.52636,1.75,1.00
2015.05.12 16:17:42.188,1.52596,1.52636,1.75,1.00
2015.05.12 16:17:42.390,1.52597,1.52646,1.75,1.37
2015.05.12 16:17:42.583,1.52598,1.52646,1.87,1.00
2015.05.12 16:17:42.634,1.52598,1.52636,1.37,1.00
2015.05.12 16:17:42.735,1.52597,1.52645,1.37,1.00
2015.05.12 16:17:42.786,1.52598,1.52645,1.75,1.00
2015.05.12 16:17:43.089,1.52601,1.52637,1.37,1.00
2015.05.12 16:17:43.140,1.52601,1.52646,1.37,1.00
2015.05.12 16:17:43.241,1.52601,1.52647,1.00,1.37
2015.05.12 16:17:43.342,1.52597,1.52647,1.12,1.37
2015.05.12 16:17:43.594,1.52597,1.52647,1.00,1.00
2015.05.12 16:17:44.109,1.52596,1.52644,1.00,1.00
2015.05.12 16:17:45.098,1.52591,1.52644,1.50,1.87
2015.05.12 16:17:45.200,1.52591,1.52644,1.50,2.25
2015.05.12 16:17:45.502,1.52591,1.52644,1.87,2.25
2015.05.12 16:17:49.942,1.52591,1.5264,1.00,1.50
2015.05.12 16:17:50.345,1.52585,1.52636,1.37,1.37
2015.05.12 16:17:50.446,1.52585,1.52636,1.37,1.12
2015.05.12 16:17:50.992,1.52585,1.52637,1.75,1.75
2015.05.12 16:17:51.093,1.52585,1.52635,1.37,1.75
2015.05.12 16:17:51.395,1.52585,1.52626,1.75,1.00
2015.05.12 16:17:51.608,1.52585,1.52635,2.25,1.37
2015.05.12 16:17:51.658,1.52588,1.52636,1.75,1.12
2015.05.12 16:17:51.961,1.52596,1.52646,1.37,1.37
2015.05.12 16:17:52.163,1.52596,1.52636,1.37,1.00
2015.05.12 16:17:54.179,1.52596,1.52637,1.37,1.00
2015.05.12 16:17:54.716,1.52596,1.52636,1.37,1.00
2015.05.12 16:17:55.275,1.52592,1.52637,2.25,1.00
2015.05.12 16:17:56.229,1.52596,1.52636,1.37,1.00
2015.05.12 16:17:58.004,1.52596,1.52636,1.37,1.00
2015.05.12 16:18:00.131,1.52592,1.52636,2.25,1.00
2015.05.12 16:18:03.048,1.52592,1.52636,1.50,1.37
2015.05.12 16:18:03.153,1.52597,1.52637,1.50,1.00
2015.05.12 16:18:03.457,1.52596,1.52646,1.37,1.37
2015.05.12 16:18:03.860,1.52598,1.52646,1.87,1.12
2015.05.12 16:18:04.171,1.52604,1.52646,1.00,1.00
2015.05.12 16:18:04.607,1.52604,1.52636,1.00,1.00
2015.05.12 16:18:04.708,1.52604,1.52646,1.37,1.00
2015.05.12 16:18:05.061,1.52604,1.52656,1.37,3.00
2015.05.12 16:18:06.481,1.52604,1.52656,1.37,1.87
2015.05.12 16:18:06.582,1.52602,1.52652,1.37,1.37
2015.05.12 16:18:06.886,1.52597,1.52647,1.50,1.00
2015.05.12 16:18:06.987,1.52603,1.52646,1.00,1.00
2015.05.12 16:18:07.038,1.52603,1.5265,1.00,1.00
2015.05.12 16:18:07.442,1.52603,1.5265,1.12,1.37
2015.05.12 16:18:07.850,1.52597,1.52647,1.37,1.00
2015.05.12 16:18:08.102,1.52601,1.52647,1.00,1.75
2015.05.12 16:18:08.153,1.52595,1.52646,1.37,3.00
2015.05.12 16:18:08.203,1.52595,1.52646,1.37,3.00
2015.05.12 16:18:08.405,1.52595,1.52644,1.00,1.75
2015.05.12 16:18:08.507,1.52595,1.52642,1.00,1.75
2015.05.12 16:18:08.558,1.5259,1.52636,1.37,1.37
2015.05.12 16:18:08.810,1.52586,1.52636,1.75,1.37
2015.05.12 16:18:09.673,1.52591,1.52644,2.25,1.12
2015.05.12 16:18:09.724,1.52595,1.52646,2.25,1.12
2015.05.12 16:18:10.187,1.52597,1.52647,1.00,1.00
2015.05.12 16:18:10.237,1.52597,1.52651,1.37,1.75
2015.05.12 16:18:10.289,1.52597,1.52651,1.37,1.75
2015.05.12 16:18:10.440,1.52597,1.52637,1.00,1.00
2015.05.12 16:18:10.541,1.52597,1.52645,1.00,1.37
2015.05.12 16:18:10.742,1.52592,1.52636,1.87,1.00
2015.05.12 16:18:10.894,1.52596,1.52645,1.00,1.37
2015.05.12 16:18:14.529,1.52592,1.52644,1.85,1.12
2015.05.12 16:18:15.408,1.52605,1.52636,1.12,1.00
2015.05.12 16:18:18.368,1.52598,1.52636,1.37,1.00
2015.05.12 16:18:18.469,1.52598,1.52645,1.00,1.37
2015.05.12 16:18:18.571,1.52598,1.52645,1.00,1.37
2015.05.12 16:18:18.672,1.52598,1.52645,1.50,1.00
2015.05.12 16:18:18.874,1.52602,1.5265,1.37,1.37
2015.05.12 16:18:18.976,1.52602,1.5265,1.00,1.12
2015.05.12 16:18:19.127,1.52602,1.52646,1.00,1.00
2015.05.12 16:18:19.279,1.52598,1.52646,1.37,1.00
2015.05.12 16:18:19.437,1.52598,1.5265,2.25,1.00
2015.05.12 16:18:19.539,1.52603,1.5265,1.87,1.00
2015.05.12 16:18:19.640,1.52605,1.52656,1.37,1.75
2015.05.12 16:18:20.370,1.52608,1.52656,1.00,1.37
2015.05.12 16:18:20.421,1.52605,1.52656,1.00,1.37
2015.05.12 16:18:20.471,1.52605,1.52656,1.00,1.75
2015.05.12 16:18:20.676,1.52601,1.52652,1.37,1.37
2015.05.12 16:18:21.223,1.52601,1.52652,1.00,1.37
2015.05.12 16:18:24.483,1.52601,1.52652,1.37,1.00
2015.05.12 16:18:24.872,1.52601,1.52652,1.00,1.50
2015.05.12 16:18:25.215,1.52597,1.52647,1.37,1.50
2015.05.12 16:18:25.518,1.52599,1.52646,1.75,1.00
2015.05.12 16:18:25.820,1.52605,1.52656,1.37,1.50
2015.05.12 16:18:26.379,1.52601,1.52647,1.75,1.00
2015.05.12 16:18:26.692,1.52608,1.52646,1.37,1.00
2015.05.12 16:18:26.894,1.52608,1.52646,1.12,1.00
2015.05.12 16:18:27.424,1.52608,1.52647,1.12,1.00
2015.05.12 16:18:29.674,1.52608,1.52646,1.12,1.00
2015.05.12 16:18:29.926,1.52608,1.52646,1.37,1.00
2015.05.12 16:18:30.027,1.52608,1.52646,1.00,1.00
2015.05.12 16:18:30.128,1.52603,1.52656,3.00,1.87
2015.05.12 16:18:30.178,1.5261,1.52656,1.00,1.37
2015.05.12 16:18:30.348,1.52603,1.52655,2.25,1.12
2015.05.12 16:18:30.550,1.52603,1.52647,2.25,1.00
2015.05.12 16:18:31.003,1.52603,1.52647,1.87,1.00
2015.05.12 16:18:35.647,1.52603,1.52647,1.50,1.00
2015.05.12 16:18:36.279,1.52603,1.52646,1.50,1.00
2015.05.12 16:18:42.333,1.526,1.52646,1.00,1.00
2015.05.12 16:18:43.370,1.526,1.52646,1.37,1.00
2015.05.12 16:18:43.740,1.526,1.52646,1.75,1.00
2015.05.12 16:18:44.284,1.52609,1.52646,1.87,1.00
2015.05.12 16:18:44.435,1.52609,1.52656,1.87,1.37
2015.05.12 16:18:44.486,1.52609,1.52656,2.25,1.00
2015.05.12 16:18:44.638,1.52614,1.52661,1.50,1.00
2015.05.12 16:18:44.689,1.52617,1.52666,1.50,1.37
2015.05.12 16:18:45.287,1.5262,1.52657,1.37,1.00
2015.05.12 16:18:45.775,1.5262,1.52657,1.00,1.00
2015.05.12 16:18:46.290,1.52613,1.52657,2.25,1.00
2015.05.12 16:18:50.967,1.52613,1.52657,1.87,1.00
2015.05.12 16:18:52.588,1.52613,1.52657,1.00,1.75
2015.05.12 16:18:52.639,1.52608,1.52657,1.37,1.75
2015.05.12 16:18:52.895,1.52602,1.52649,1.37,1.37
2015.05.12 16:18:53.209,1.52602,1.52654,1.50,1.75
2015.05.12 16:18:53.411,1.52602,1.52654,1.37,1.37
2015.05.12 16:18:53.590,1.52602,1.52654,1.37,1.50
2015.05.12 16:18:53.927,1.52602,1.52654,1.37,1.75
2015.05.12 16:18:54.823,1.52605,1.52654,2.25,1.12
2015.05.12 16:18:55.125,1.52606,1.52656,1.75,1.00
2015.05.12 16:19:04.116,1.5261,1.52656,1.50,1.00
2015.05.12 16:19:04.813,1.52613,1.52656,1.37,1.00
2015.05.12 16:19:05.506,1.52613,1.52656,1.75,1.00
2015.05.12 16:19:05.657,1.52613,1.52665,1.75,1.37
2015.05.12 16:19:08.059,1.52616,1.52666,1.37,1.87
2015.05.12 16:19:08.261,1.52613,1.52666,1.37,2.62
2015.05.12 16:19:08.362,1.52613,1.52666,1.75,2.62
2015.05.12 16:19:08.689,1.52613,1.52666,1.37,2.25
2015.05.12 16:19:08.841,1.52613,1.52659,1.00,1.00
2015.05.12 16:19:08.955,1.52613,1.52657,1.00,1.00
2015.05.12 16:19:09.258,1.52606,1.52657,1.50,1.00
2015.05.12 16:19:09.662,1.52606,1.52657,1.50,1.37
2015.05.12 16:19:13.197,1.52606,1.52657,1.87,1.37
2015.05.12 16:19:23.595,1.52605,1.52655,1.12,1.37
2015.05.12 16:19:26.114,1.52602,1.52646,1.12,1.00
2015.05.12 16:19:26.647,1.52602,1.52647,1.00,1.12
2015.05.12 16:19:28.517,1.52602,1.52646,1.00,1.00
2015.05.12 16:19:29.181,1.52602,1.52647,1.00,1.00
2015.05.12 16:19:29.954,1.52602,1.52646,1.00,1.00
2015.05.12 16:19:30.613,1.52602,1.52646,1.37,1.00
2015.05.12 16:19:31.263,1.52602,1.52646,1.00,1.12
2015.05.12 16:19:31.515,1.52593,1.52646,1.87,2.25
2015.05.12 16:19:32.612,1.52593,1.52637,1.87,1.00
2015.05.12 16:19:32.713,1.52593,1.52646,1.87,2.25
2015.05.12 16:19:33.809,1.52593,1.52636,1.87,1.00
2015.05.12 16:19:34.127,1.52593,1.52646,1.87,1.87
2015.05.12 16:19:34.471,1.52593,1.52636,1.87,1.00
2015.05.12 16:19:44.026,1.52593,1.52646,1.87,1.87
2015.05.12 16:19:44.405,1.52593,1.52646,1.87,2.25
2015.05.12 16:19:45.687,1.52593,1.52646,1.87,1.87
2015.05.12 16:19:45.889,1.52591,1.52643,1.37,1.37
2015.05.12 16:19:46.213,1.52591,1.52636,1.37,1.00
2015.05.12 16:19:46.717,1.52596,1.52636,2.25,1.00
2015.05.12 16:19:46.919,1.52603,1.52651,1.50,1.00
2015.05.12 16:19:47.020,1.52603,1.52654,1.50,1.12
2015.05.12 16:19:54.353,1.52605,1.52656,1.37,1.50
2015.05.12 16:19:57.937,1.52604,1.52656,1.75,1.00
2015.05.12 16:19:58.241,1.52609,1.52656,2.62,1.00
2015.05.12 16:19:58.586,1.52614,1.52662,1.00,1.00
2015.05.12 16:19:58.687,1.52614,1.52664,1.12,1.00
2015.05.12 16:19:58.789,1.52614,1.52661,1.37,1.75
2015.05.12 16:19:58.946,1.52608,1.52661,1.50,3.00
2015.05.12 16:19:58.997,1.52608,1.52646,1.50,1.00
2015.05.12 16:19:59.150,1.52608,1.52646,1.37,1.00
2015.05.12 16:20:00.158,1.52606,1.52646,1.37,1.00
2015.05.12 16:20:00.661,1.52606,1.52647,1.75,1.00
2015.05.12 16:20:00.863,1.52607,1.52656,2.25,1.00
2015.05.12 16:20:01.121,1.52607,1.52647,1.75,1.00
2015.05.12 16:20:01.222,1.52612,1.52657,1.37,1.00
2015.05.12 16:20:01.699,1.52612,1.52657,1.12,1.12
2015.05.12 16:20:01.853,1.52612,1.52646,1.12,1.00
2015.05.12 16:20:02.328,1.52612,1.52656,1.12,1.00
2015.05.12 16:20:02.675,1.52612,1.52656,1.37,1.00
2015.05.12 16:20:03.176,1.52612,1.52656,1.00,1.00
2015.05.12 16:20:05.270,1.52612,1.52657,1.00,1.00
2015.05.12 16:20:05.376,1.52607,1.52657,1.12,1.12
2015.05.12 16:20:05.883,1.52607,1.52656,1.12,1.00
2015.05.12 16:20:07.992,1.52607,1.52656,1.37,1.00
2015.05.12 16:20:11.287,1.52607,1.52656,1.37,1.00
2015.05.12 16:20:17.482,1.52616,1.52656,1.00,1.00
2015.05.12 16:20:17.800,1.52617,1.52666,1.87,1.37
2015.05.12 16:20:18.134,1.52617,1.52656,1.87,1.00
2015.05.12 16:20:18.808,1.52612,1.52656,1.87,1.00
2015.05.12 16:20:19.137,1.52612,1.52665,1.87,1.37
2015.05.12 16:20:19.238,1.52612,1.52665,2.25,1.00
2015.05.12 16:20:19.548,1.52618,1.52666,1.37,1.00
2015.05.12 16:20:20.150,1.52622,1.52666,1.00,1.00
2015.05.12 16:20:20.610,1.52622,1.52666,1.37,1.00
2015.05.12 16:20:20.813,1.52624,1.52677,1.87,1.87
2015.05.12 16:20:22.614,1.52624,1.52676,1.87,1.12
2015.05.12 16:20:23.259,1.52624,1.52676,1.87,1.37
2015.05.12 16:20:26.923,1.52624,1.52675,1.00,1.50
2015.05.12 16:20:26.973,1.52622,1.52674,1.12,1.37
2015.05.12 16:20:28.634,1.52622,1.52674,1.50,1.37
2015.05.12 16:20:28.937,1.52633,1.52656,1.00,1.00
2015.05.12 16:20:28.987,1.52631,1.52656,1.50,1.00
2015.05.12 16:20:29.038,1.52631,1.52666,1.00,1.00
2015.05.12 16:20:29.089,1.52629,1.52666,1.00,1.00
2015.05.12 16:20:29.190,1.52623,1.52675,1.37,1.50
2015.05.12 16:20:30.169,1.52623,1.52675,1.37,1.87
2015.05.12 16:20:30.868,1.52623,1.52673,1.12,1.37
2015.05.12 16:20:31.185,1.52622,1.52666,1.37,1.12
2015.05.12 16:20:33.384,1.52623,1.52675,1.50,1.37
2015.05.12 16:20:34.188,1.52627,1.52676,1.37,1.87
2015.05.12 16:20:34.491,1.52631,1.52676,1.87,1.00
2015.05.12 16:20:35.011,1.52631,1.52677,1.87,1.12
2015.05.12 16:20:35.399,1.52631,1.52676,1.87,1.00
2015.05.12 16:20:36.193,1.52633,1.52676,1.37,1.00
2015.05.12 16:20:38.678,1.52631,1.52676,1.87,1.00
2015.05.12 16:20:38.779,1.52631,1.52676,1.87,1.00
2015.05.12 16:20:38.931,1.52638,1.52686,1.37,1.00
2015.05.12 16:20:39.184,1.52637,1.52685,1.00,1.12
2015.05.12 16:20:39.685,1.52635,1.52685,1.00,1.37
2015.05.12 16:20:40.108,1.52635,1.52685,1.00,1.37
2015.05.12 16:20:40.159,1.52632,1.5268,1.37,1.00
2015.05.12 16:20:40.210,1.52632,1.5268,1.37,1.00
2015.05.12 16:20:40.542,1.52636,1.52677,1.00,1.37
2015.05.12 16:20:40.694,1.52631,1.52677,1.37,1.37
2015.05.12 16:20:41.288,1.52631,1.52677,1.37,1.00
2015.05.12 16:20:43.350,1.52631,1.52676,1.37,1.00
2015.05.12 16:20:43.506,1.52635,1.52676,1.00,1.00
2015.05.12 16:20:45.007,1.52632,1.52676,1.37,1.00
2015.05.12 16:20:45.674,1.52632,1.52677,1.37,1.00
2015.05.12 16:20:46.345,1.52632,1.52677,1.37,1.00
2015.05.12 16:20:46.528,1.52638,1.52685,1.50,1.00
2015.05.12 16:20:46.629,1.52638,1.52687,2.25,1.12
2015.05.12 16:20:47.168,1.52642,1.52686,1.87,1.00
2015.05.12 16:20:47.326,1.52642,1.52686,1.87,1.00
2015.05.12 16:20:51.045,1.52642,1.52687,1.87,1.00
2015.05.12 16:20:51.146,1.52642,1.52687,1.87,1.00
2015.05.12 16:20:51.860,1.52644,1.52686,1.00,1.00
2015.05.12 16:20:51.910,1.52637,1.52686,1.87,1.00
2015.05.12 16:20:51.961,1.52637,1.52686,1.87,1.00
2015.05.12 16:20:52.264,1.52637,1.5269,2.25,1.75
2015.05.12 16:20:52.466,1.52637,1.52686,2.25,1.00
2015.05.12 16:20:52.778,1.52636,1.52677,1.37,1.00
2015.05.12 16:20:52.930,1.52636,1.52682,1.37,1.37
2015.05.12 16:20:53.082,1.52632,1.52682,1.12,1.87
2015.05.12 16:20:53.183,1.52632,1.52682,1.00,1.87
2015.05.12 16:20:53.555,1.52629,1.52682,1.87,1.87
2015.05.12 16:20:55.646,1.52629,1.52682,1.87,1.87
2015.05.12 16:20:55.756,1.52629,1.52682,2.25,1.87
2015.05.12 16:20:56.077,1.5264,1.52686,1.37,1.37
2015.05.12 16:20:56.973,1.5264,1.52687,1.37,1.37
2015.05.12 16:20:57.076,1.52635,1.52687,1.37,1.75
2015.05.12 16:20:57.382,1.5263,1.52676,1.50,1.37
2015.05.12 16:20:58.878,1.5263,1.52683,1.37,2.25
2015.05.12 16:20:59.191,1.5263,1.52683,1.12,2.25
2015.05.12 16:20:59.751,1.5263,1.52683,1.37,2.70
2015.05.12 16:21:00.004,1.52624,1.52679,1.75,1.37
2015.05.12 16:21:00.307,1.52628,1.52676,1.12,1.37
2015.05.12 16:21:00.430,1.52624,1.52676,2.62,1.75
2015.05.12 16:21:00.976,1.52624,1.52676,2.62,1.37
2015.05.12 16:21:05.500,1.52624,1.52676,2.25,1.75
2015.05.12 16:21:05.610,1.52624,1.52676,2.62,1.37
2015.05.12 16:21:05.862,1.52629,1.52677,1.00,1.37
2015.05.12 16:21:06.198,1.52629,1.52677,1.37,1.00
2015.05.12 16:21:06.763,1.52629,1.52676,1.37,1.00
2015.05.12 16:21:07.066,1.52624,1.52674,1.37,1.37
2015.05.12 16:21:07.318,1.52625,1.52677,1.00,1.75
2015.05.12 16:21:07.419,1.52618,1.52673,1.37,2.62
2015.05.12 16:21:07.672,1.52618,1.52666,1.37,1.00
2015.05.12 16:21:07.723,1.52618,1.52666,1.00,1.00
2015.05.12 16:21:09.318,1.52618,1.52667,1.12,1.12
2015.05.12 16:21:15.981,1.52623,1.52667,1.00,1.00
2015.05.12 16:21:16.132,1.52628,1.52676,1.00,1.37
2015.05.12 16:21:16.257,1.52629,1.52676,1.37,1.00
2015.05.12 16:21:16.995,1.52629,1.52677,1.37,1.12
2015.05.12 16:21:17.600,1.52632,1.52677,1.00,1.12
2015.05.12 16:21:18.315,1.52632,1.52676,1.00,1.00
2015.05.12 16:21:22.714,1.52623,1.52666,1.00,1.12
2015.05.12 16:21:27.218,1.52622,1.52666,1.00,1.12
2015.05.12 16:21:29.239,1.52618,1.52666,1.37,1.12
2015.05.12 16:21:29.861,1.52618,1.52666,1.00,1.37
2015.05.12 16:21:31.423,1.52618,1.52666,1.37,1.12
2015.05.12 16:21:31.948,1.52621,1.52666,1.00,1.12
2015.05.12 16:21:32.201,1.52625,1.52674,1.00,1.37
2015.05.12 16:21:32.403,1.52625,1.52667,1.00,1.00
2015.05.12 16:21:33.136,1.52625,1.52667,1.37,1.00
2015.05.12 16:21:37.959,1.52625,1.52667,1.00,1.00
2015.05.12 16:21:38.110,1.52621,1.52667,1.37,1.00
2015.05.12 16:21:40.896,1.52621,1.52672,1.37,1.37
2015.05.12 16:21:41.108,1.52624,1.52674,1.12,1.37
2015.05.12 16:21:41.983,1.52625,1.52677,1.37,2.25
2015.05.12 16:21:42.386,1.52625,1.52677,1.37,1.87
2015.05.12 16:21:43.687,1.52625,1.52677,1.37,2.25
2015.05.12 16:21:43.889,1.52625,1.52677,1.12,2.25
2015.05.12 16:21:43.940,1.52625,1.52666,1.12,1.00
2015.05.12 16:21:44.525,1.52625,1.52667,1.12,1.00
2015.05.12 16:21:46.891,1.52624,1.52667,1.37,1.00
2015.05.12 16:21:48.205,1.52624,1.52667,1.00,1.00
2015.05.12 16:21:48.256,1.52624,1.52671,1.00,1.37
2015.05.12 16:21:48.407,1.52624,1.52671,1.12,1.50
2015.05.12 16:21:48.719,1.52618,1.52667,1.87,1.37
2015.05.12 16:21:49.921,1.52618,1.52666,1.87,1.37
2015.05.12 16:21:58.998,1.52618,1.52667,1.87,1.75
2015.05.12 16:21:59.301,1.52618,1.52656,1.37,1.00
2015.05.12 16:21:59.402,1.52618,1.52656,1.00,1.00
2015.05.12 16:21:59.915,1.52612,1.52657,2.25,1.00
2015.05.12 16:22:00.741,1.52612,1.52656,2.25,1.00
2015.05.12 16:22:01.523,1.52612,1.52656,1.87,1.00
2015.05.12 16:22:04.431,1.52612,1.52657,2.25,1.00
2015.05.12 16:22:05.252,1.52612,1.52657,2.25,1.00
2015.05.12 16:22:05.303,1.52614,1.52665,1.75,1.00
2015.05.12 16:22:05.353,1.5262,1.52666,1.75,1.00
2015.05.12 16:22:05.656,1.52623,1.52666,1.00,1.00
2015.05.12 16:22:05.847,1.52616,1.52666,1.37,1.00
2015.05.12 16:22:07.057,1.52616,1.52666,1.37,1.37
2015.05.12 16:22:07.360,1.52616,1.52666,1.37,1.50
2015.05.12 16:22:08.365,1.52611,1.52664,1.87,1.87
2015.05.12 16:22:08.952,1.52611,1.52664,1.87,2.25
2015.05.12 16:22:12.074,1.52611,1.52664,1.87,1.87
2015.05.12 16:22:14.570,1.52611,1.52664,1.87,2.25
2015.05.12 16:22:15.279,1.52611,1.52656,1.87,1.00
2015.05.12 16:22:15.481,1.52611,1.52656,1.00,1.37
2015.05.12 16:22:16.000,1.52611,1.52656,1.00,1.00
2015.05.12 16:22:16.449,1.52611,1.52656,1.37,1.00
2015.05.12 16:22:23.593,1.5261,1.52656,1.50,1.37
2015.05.12 16:22:23.924,1.52614,1.52663,1.75,1.37
2015.05.12 16:22:24.026,1.52615,1.52666,1.75,1.37
2015.05.12 16:22:24.077,1.52618,1.52668,1.75,1.37
2015.05.12 16:22:24.380,1.52618,1.52668,1.75,1.50
2015.05.12 16:22:25.376,1.52618,1.52668,1.75,1.37
2015.05.12 16:22:28.995,1.52618,1.52668,1.75,1.50
2015.05.12 16:22:30.600,1.52618,1.52667,1.37,1.37
2015.05.12 16:22:30.702,1.52618,1.52667,1.12,1.75
2015.05.12 16:22:31.048,1.52618,1.52664,1.00,2.25
2015.05.12 16:22:31.552,1.52618,1.52664,1.00,2.25
2015.05.12 16:22:31.603,1.52618,1.52664,1.00,2.25
2015.05.12 16:22:31.704,1.52612,1.52664,1.75,1.87
2015.05.12 16:22:35.890,1.5262,1.52665,1.37,1.00
2015.05.12 16:22:35.991,1.52618,1.52669,1.37,1.00
2015.05.12 16:22:36.042,1.52624,1.52671,1.00,1.87
2015.05.12 16:22:36.382,1.52628,1.52666,1.37,1.00
2015.05.12 16:22:36.433,1.52627,1.52666,1.12,1.00
2015.05.12 16:22:36.534,1.52623,1.52676,1.87,1.50
2015.05.12 16:22:36.635,1.52623,1.52676,1.50,1.37
2015.05.12 16:22:36.915,1.52623,1.52666,1.50,1.00
2015.05.12 16:22:37.117,1.52617,1.52666,1.00,1.00
2015.05.12 16:22:37.168,1.52613,1.52665,1.00,1.00
2015.05.12 16:22:37.219,1.52613,1.52665,1.12,1.75
2015.05.12 16:22:37.569,1.52613,1.52656,1.12,1.00
2015.05.12 16:22:38.736,1.52613,1.52656,1.37,1.00
2015.05.12 16:22:42.999,1.52613,1.5266,1.37,1.87
2015.05.12 16:22:43.049,1.52613,1.5266,1.00,1.87
2015.05.12 16:22:43.389,1.52615,1.52656,2.25,1.00
2015.05.12 16:22:43.440,1.52615,1.52657,1.87,1.00
2015.05.12 16:22:43.642,1.52615,1.52657,1.87,1.00
2015.05.12 16:22:44.180,1.52615,1.52656,1.87,1.00
2015.05.12 16:22:46.515,1.52615,1.52656,1.87,1.00
2015.05.12 16:22:48.665,1.52615,1.52656,1.00,1.00
2015.05.12 16:22:48.716,1.52609,1.52656,1.37,1.00
2015.05.12 16:22:48.868,1.52608,1.52657,1.87,1.37
2015.05.12 16:22:49.381,1.52608,1.52656,1.00,1.37
2015.05.12 16:22:49.941,1.52608,1.52656,1.37,1.37
2015.05.12 16:22:50.672,1.52611,1.52661,1.37,1.50
2015.05.12 16:22:52.776,1.52608,1.52657,1.37,1.37
2015.05.12 16:22:52.978,1.52602,1.52655,1.37,1.37
2015.05.12 16:22:53.680,1.52602,1.52655,1.75,1.37
2015.05.12 16:22:56.185,1.52605,1.52656,2.25,1.37
2015.05.12 16:22:56.236,1.52605,1.52656,1.87,2.25
2015.05.12 16:22:56.578,1.52605,1.52647,1.87,1.00
2015.05.12 16:22:56.680,1.52605,1.52656,1.87,2.25
2015.05.12 16:23:01.865,1.52605,1.52651,1.00,1.75
2015.05.12 16:23:01.915,1.52599,1.52651,1.87,1.75
2015.05.12 16:23:02.067,1.52599,1.52651,1.87,1.50
2015.05.12 16:23:02.271,1.52599,1.52651,1.87,1.75
2015.05.12 16:23:02.779,1.52599,1.52651,1.87,1.75
2015.05.12 16:23:03.326,1.52599,1.52646,1.87,1.50
2015.05.12 16:23:03.846,1.52596,1.52647,1.50,1.75
2015.05.12 16:23:03.951,1.52596,1.52647,1.37,1.75
2015.05.12 16:23:04.153,1.52596,1.52647,1.00,1.75
2015.05.12 16:23:04.304,1.52591,1.52644,1.37,2.25
2015.05.12 16:23:04.556,1.52591,1.52644,1.37,2.25
2015.05.12 16:23:05.772,1.52591,1.52644,1.37,2.25
2015.05.12 16:23:06.262,1.52584,1.52638,1.87,1.75
2015.05.12 16:23:06.805,1.52584,1.52637,1.87,1.75
2015.05.12 16:23:06.906,1.52584,1.52637,2.25,1.50
2015.05.12 16:23:07.306,1.52584,1.52637,1.87,1.75
2015.05.12 16:23:07.710,1.52583,1.52632,1.75,1.00
2015.05.12 16:23:07.811,1.52588,1.52638,1.75,1.37
2015.05.12 16:23:07.912,1.52588,1.52638,1.75,1.37
2015.05.12 16:23:08.301,1.52588,1.52638,1.75,1.37
2015.05.12 16:23:09.815,1.52588,1.52638,1.75,1.37
2015.05.12 16:23:09.916,1.52588,1.52638,1.37,1.50
2015.05.12 16:23:10.068,1.52588,1.52638,1.37,1.50
2015.05.12 16:23:11.315,1.52588,1.52638,1.75,1.37
2015.05.12 16:23:12.486,1.52588,1.52642,2.25,1.75
2015.05.12 16:23:21.701,1.52588,1.52642,2.25,1.75
2015.05.12 16:23:21.915,1.52584,1.52635,1.37,1.75
2015.05.12 16:23:22.017,1.52582,1.52632,1.50,1.75
2015.05.12 16:23:22.118,1.52584,1.52635,1.12,1.75
2015.05.12 16:23:22.320,1.52584,1.52635,1.00,1.75
2015.05.12 16:23:22.421,1.52587,1.52637,1.75,1.37
2015.05.12 16:23:22.573,1.52593,1.52643,1.37,1.37
2015.05.12 16:23:22.624,1.52593,1.52636,1.12,1.00
2015.05.12 16:23:22.931,1.52593,1.52636,1.37,1.00
2015.05.12 16:23:23.064,1.52593,1.52643,1.37,1.37
2015.05.12 16:23:23.419,1.52593,1.52643,1.50,1.00
2015.05.12 16:23:23.671,1.52598,1.52645,2.25,1.12
2015.05.12 16:23:24.305,1.52598,1.52645,2.25,1.00
2015.05.12 16:23:24.759,1.52603,1.52646,1.37,1.00
2015.05.12 16:23:25.261,1.52603,1.52647,1.37,1.00
2015.05.12 16:23:25.363,1.52603,1.52652,1.37,1.37
2015.05.12 16:23:25.474,1.52603,1.52646,1.37,1.00
2015.05.12 16:23:25.776,1.52608,1.52647,1.87,1.00
2015.05.12 16:23:25.928,1.52608,1.52656,1.87,1.50
2015.05.12 16:23:26.149,1.52608,1.52647,1.87,1.00
2015.05.12 16:23:28.396,1.52608,1.52647,2.25,1.00
2015.05.12 16:23:28.447,1.52608,1.52656,2.25,1.12
2015.05.12 16:23:28.497,1.52608,1.52656,1.87,1.37
2015.05.12 16:23:28.800,1.52608,1.52646,1.50,1.00
2015.05.12 16:23:29.115,1.52608,1.52654,1.50,1.37
2015.05.12 16:23:29.217,1.52608,1.52646,1.50,1.00
2015.05.12 16:23:29.752,1.52608,1.52647,1.50,1.00
2015.05.12 16:23:29.962,1.52608,1.52654,1.50,1.37
2015.05.12 16:23:32.811,1.52608,1.52654,1.50,1.50
2015.05.12 16:23:32.862,1.52608,1.52646,1.50,1.00
2015.05.12 16:23:33.372,1.52608,1.52654,1.87,1.50
2015.05.12 16:23:33.914,1.52608,1.52654,1.50,1.37
2015.05.12 16:23:35.018,1.52608,1.52654,1.50,1.75
2015.05.12 16:23:35.170,1.52604,1.52646,1.37,1.00
2015.05.12 16:23:35.722,1.52604,1.52653,1.75,1.37
2015.05.12 16:23:35.823,1.52607,1.52656,1.87,1.00
2015.05.12 16:23:35.925,1.52608,1.52657,1.75,1.87
2015.05.12 16:23:42.055,1.52613,1.52656,1.37,1.00
2015.05.12 16:23:42.833,1.52613,1.52657,1.37,1.00
2015.05.12 16:23:53.627,1.52613,1.52662,1.37,1.37
2015.05.12 16:23:55.283,1.52619,1.52666,1.37,1.00
2015.05.12 16:23:55.385,1.52625,1.52667,1.37,1.00
2015.05.12 16:23:55.638,1.52626,1.52677,1.37,1.37
2015.05.12 16:23:55.994,1.52626,1.52677,1.37,1.00
2015.05.12 16:23:56.608,1.52626,1.52676,1.37,1.00
2015.05.12 16:24:00.212,1.52626,1.52677,1.37,1.00
2015.05.12 16:24:00.958,1.52626,1.52676,1.37,1.00
2015.05.12 16:24:01.702,1.52626,1.52676,1.37,1.00
2015.05.12 16:24:01.903,1.52626,1.52676,1.00,1.37
2015.05.12 16:24:02.894,1.5262,1.52673,3.00,1.00
2015.05.12 16:24:03.096,1.5262,1.52673,2.62,1.37
2015.05.12 16:24:03.693,1.52625,1.52675,1.37,1.87
2015.05.12 16:24:04.209,1.52626,1.52676,1.37,1.00
2015.05.12 16:24:05.814,1.52626,1.52676,1.12,1.37
2015.05.12 16:24:09.721,1.52626,1.52678,1.00,1.75
2015.05.12 16:24:10.017,1.52626,1.52673,1.00,1.37
2015.05.12 16:24:10.244,1.52626,1.52677,1.37,1.75
2015.05.12 16:24:10.549,1.52626,1.52676,1.00,1.37
2015.05.12 16:24:10.650,1.52626,1.52676,1.00,1.75
2015.05.12 16:24:10.995,1.52645,1.52685,1.00,1.37
2015.05.12 16:24:11.045,1.52647,1.52686,1.37,1.00
2015.05.12 16:24:11.146,1.52647,1.52695,1.37,1.37
2015.05.12 16:24:12.565,1.52647,1.52696,1.37,1.75
2015.05.12 16:24:12.914,1.52647,1.52686,1.37,1.00
2015.05.12 16:24:14.382,1.52645,1.52686,1.50,1.00
2015.05.12 16:24:14.433,1.52639,1.5269,1.75,1.37
2015.05.12 16:24:14.484,1.52639,1.5269,1.00,1.00
2015.05.12 16:24:14.534,1.52636,1.52687,1.00,1.00
2015.05.12 16:24:14.859,1.52641,1.52677,1.00,1.00
2015.05.12 16:24:14.911,1.52636,1.52677,1.00,1.00
2015.05.12 16:24:15.437,1.52636,1.52676,1.37,1.00
2015.05.12 16:24:16.283,1.52636,1.52677,1.37,1.00
2015.05.12 16:24:16.794,1.52636,1.52684,1.37,1.75
2015.05.12 16:24:18.372,1.52636,1.52676,1.37,1.00
2015.05.12 16:24:20.073,1.52636,1.52676,1.00,1.37
2015.05.12 16:24:20.225,1.52632,1.52677,1.12,1.50
2015.05.12 16:24:20.508,1.5263,1.52676,1.87,1.50
2015.05.12 16:24:22.406,1.5263,1.52673,1.50,1.50
2015.05.12 16:24:22.915,1.5263,1.52673,1.50,1.75
2015.05.12 16:24:24.401,1.5263,1.52673,1.50,1.00
2015.05.12 16:24:24.502,1.5263,1.52676,2.25,1.00
2015.05.12 16:24:24.771,1.52636,1.52678,1.37,1.00
2015.05.12 16:24:24.822,1.52636,1.52688,1.37,1.75
2015.05.12 16:24:24.974,1.5264,1.52687,1.00,1.50
2015.05.12 16:24:25.277,1.5264,1.52686,1.87,1.37
2015.05.12 16:24:30.628,1.5264,1.52686,1.87,1.37
2015.05.12 16:24:30.779,1.52636,1.52686,1.12,1.37
2015.05.12 16:24:30.931,1.52636,1.52686,1.00,1.75
2015.05.12 16:24:31.133,1.52636,1.52686,1.00,1.37
2015.05.12 16:24:32.712,1.52636,1.52686,1.37,1.37
2015.05.12 16:24:33.152,1.52636,1.52686,1.37,1.37
2015.05.12 16:24:35.151,1.52636,1.52686,1.50,1.37
2015.05.12 16:24:36.202,1.52641,1.52676,1.87,1.00
2015.05.12 16:24:36.303,1.52641,1.52687,1.87,1.37
2015.05.12 16:24:36.671,1.52641,1.52687,1.37,1.37
2015.05.12 16:24:38.834,1.52641,1.52682,1.37,1.00
2015.05.12 16:24:46.774,1.52641,1.52682,1.00,1.37
2015.05.12 16:24:46.968,1.52636,1.52682,1.87,1.37
2015.05.12 16:24:47.019,1.52642,1.52682,1.50,1.00
2015.05.12 16:24:47.321,1.52646,1.52687,1.50,1.00
2015.05.12 16:24:47.422,1.52642,1.52687,1.37,1.00
2015.05.12 16:24:51.551,1.52642,1.52687,1.50,1.00
2015.05.12 16:24:52.616,1.52642,1.52687,1.12,1.00
2015.05.12 16:24:53.167,1.52637,1.52686,1.50,1.00
2015.05.12 16:24:57.145,1.52642,1.52686,1.50,1.75
2015.05.12 16:24:57.246,1.52637,1.52679,1.00,1.37
2015.05.12 16:24:57.347,1.52633,1.52681,1.37,1.75
2015.05.12 16:24:57.549,1.52633,1.5268,1.37,1.37
2015.05.12 16:24:58.070,1.52633,1.52681,1.00,1.75
2015.05.12 16:25:00.578,1.52633,1.52675,1.37,1.12
2015.05.12 16:25:00.770,1.5263,1.52675,1.00,1.37
2015.05.12 16:25:00.821,1.52627,1.52675,1.00,1.37
2015.05.12 16:25:01.023,1.52622,1.52675,1.87,1.12
2015.05.12 16:25:01.124,1.52622,1.52675,1.50,1.37
2015.05.12 16:25:01.275,1.52622,1.52675,1.50,1.00
2015.05.12 16:25:01.326,1.52627,1.52675,1.00,1.00
2015.05.12 16:25:02.186,1.52631,1.52675,1.00,1.00
2015.05.12 16:25:02.704,1.52632,1.52675,1.00,1.00
2015.05.12 16:25:05.553,1.52632,1.52677,1.00,1.00
2015.05.12 16:25:07.571,1.52632,1.52676,1.00,1.00
2015.05.12 16:25:08.635,1.52632,1.52677,1.00,1.00
2015.05.12 16:25:12.484,1.52632,1.52676,1.00,1.00
2015.05.12 16:25:12.638,1.52627,1.52675,1.37,1.00
2015.05.12 16:25:12.818,1.52627,1.52675,1.12,1.37
2015.05.12 16:25:13.121,1.52627,1.52666,1.00,1.00
2015.05.12 16:25:13.223,1.52623,1.52666,1.87,1.00
2015.05.12 16:25:14.650,1.52623,1.52666,1.37,1.00
2015.05.12 16:25:15.151,1.52623,1.52666,1.00,1.00
2015.05.12 16:25:15.788,1.52622,1.52667,1.00,1.37
2015.05.12 16:25:15.893,1.52619,1.52657,1.37,1.00
2015.05.12 16:25:16.147,1.52617,1.52666,1.87,1.00
2015.05.12 16:25:16.852,1.52617,1.52666,1.50,1.37
2015.05.12 16:25:24.869,1.52617,1.52666,1.50,1.12
2015.05.12 16:25:25.408,1.52617,1.52665,1.12,1.00
2015.05.12 16:25:25.920,1.52617,1.52666,1.87,1.00
2015.05.12 16:25:26.167,1.52617,1.52663,1.12,1.00
2015.05.12 16:25:26.268,1.52617,1.52666,1.12,1.00
2015.05.12 16:25:26.470,1.52615,1.52666,1.00,1.87
2015.05.12 16:25:27.787,1.52615,1.52666,1.00,1.87
2015.05.12 16:25:30.774,1.52616,1.52666,1.37,1.37
2015.05.12 16:25:33.772,1.52616,1.52667,1.37,1.37
2015.05.12 16:25:37.990,1.52621,1.52667,1.37,1.00
2015.05.12 16:25:38.142,1.52622,1.52674,1.37,1.37
2015.05.12 16:25:38.192,1.52626,1.52674,1.37,1.37
2015.05.12 16:25:38.469,1.52627,1.52679,1.37,1.00
2015.05.12 16:25:38.520,1.5263,1.52682,1.37,1.00
2015.05.12 16:25:39.068,1.52632,1.52683,1.50,1.00
2015.05.12 16:25:41.258,1.52638,1.52683,1.00,1.00
2015.05.12 16:25:41.663,1.52632,1.52683,1.87,1.00
2015.05.12 16:25:43.323,1.52632,1.52683,1.50,1.00
2015.05.12 16:25:43.374,1.52639,1.52683,1.00,1.00
2015.05.12 16:25:43.424,1.52639,1.5269,1.00,1.37
2015.05.12 16:25:43.576,1.52635,1.52688,1.00,1.87
2015.05.12 16:25:45.843,1.52635,1.52686,1.00,1.00
2015.05.12 16:25:46.356,1.52635,1.52686,1.00,1.37
2015.05.12 16:25:46.857,1.52635,1.52686,1.00,1.12
2015.05.12 16:25:51.034,1.52635,1.52686,1.00,1.37
2015.05.12 16:25:53.926,1.52632,1.52683,1.50,1.00
2015.05.12 16:25:54.027,1.52632,1.52683,1.50,1.37
2015.05.12 16:25:54.229,1.5263,1.52682,1.12,1.37
2015.05.12 16:25:54.514,1.5263,1.52682,1.37,1.37
2015.05.12 16:25:54.615,1.5263,1.52682,1.00,1.00
2015.05.12 16:25:54.949,1.5263,1.52682,1.37,1.37
2015.05.12 16:25:55.573,1.52633,1.52683,1.00,1.37
2015.05.12 16:25:57.181,1.52639,1.52683,1.00,1.37
2015.05.12 16:25:57.232,1.52639,1.52687,1.87,1.37
2015.05.12 16:25:57.333,1.52639,1.52687,2.25,1.37
2015.05.12 16:25:57.434,1.52639,1.52684,1.87,1.37
2015.05.12 16:25:57.648,1.52639,1.52684,2.25,1.00
2015.05.12 16:25:57.699,1.52639,1.52686,2.25,1.00
2015.05.12 16:25:59.333,1.52639,1.52686,2.25,1.37
2015.05.12 16:26:04.143,1.52642,1.52686,1.37,1.00
2015.05.12 16:26:04.296,1.52646,1.52695,1.12,1.75
2015.05.12 16:26:05.132,1.52646,1.52695,1.00,1.75
2015.05.12 16:26:05.234,1.52646,1.52695,1.00,1.75
2015.05.12 16:26:05.738,1.52646,1.52695,1.37,1.75
2015.05.12 16:26:06.445,1.52646,1.52695,1.12,1.75
2015.05.12 16:26:06.852,1.52646,1.52694,1.37,1.75
2015.05.12 16:26:08.537,1.52646,1.52695,1.12,1.75
2015.05.12 16:26:09.066,1.52646,1.52695,1.37,1.75
2015.05.12 16:26:11.873,1.52646,1.52695,1.37,1.75
2015.05.12 16:26:12.126,1.52647,1.52686,1.37,1.00
2015.05.12 16:26:14.692,1.52647,1.52686,1.12,1.00
2015.05.12 16:26:14.894,1.52647,1.52693,1.12,1.50
2015.05.12 16:26:17.062,1.52646,1.52686,1.37,1.00
2015.05.12 16:26:17.603,1.52646,1.52686,1.12,1.12
2015.05.12 16:26:17.906,1.52642,1.52695,1.00,1.75
2015.05.12 16:26:18.058,1.52642,1.52695,1.00,1.75
2015.05.12 16:26:18.108,1.5264,1.5269,1.00,1.75
2015.05.12 16:26:18.159,1.5264,1.5269,1.00,1.75
2015.05.12 16:26:18.275,1.52637,1.5269,1.87,2.25
2015.05.12 16:26:21.881,1.52637,1.5269,1.87,2.25
2015.05.12 16:26:26.791,1.52637,1.5269,1.50,3.00
2015.05.12 16:26:27.325,1.52632,1.52677,1.37,1.37
2015.05.12 16:26:29.423,1.52632,1.52677,1.37,1.37
2015.05.12 16:26:29.524,1.52632,1.52677,1.37,1.50
2015.05.12 16:26:32.913,1.52632,1.52676,1.00,1.75
2015.05.12 16:26:37.973,1.52632,1.52677,1.12,1.37
2015.05.12 16:26:38.075,1.52632,1.52677,1.37,1.37
2015.05.12 16:26:40.191,1.52636,1.52676,1.00,1.37
2015.05.12 16:26:40.922,1.52637,1.52676,1.00,1.37
2015.05.12 16:26:42.149,1.52637,1.52676,1.00,1.12
2015.05.12 16:26:42.250,1.52637,1.52676,1.00,1.37
2015.05.12 16:26:42.858,1.52637,1.52677,1.00,1.50
2015.05.12 16:26:42.959,1.5263,1.52677,1.87,1.50
2015.05.12 16:26:44.195,1.52628,1.52677,1.37,2.25
2015.05.12 16:26:44.397,1.52629,1.52676,1.87,1.00
2015.05.12 16:26:46.491,1.52629,1.52677,1.87,1.12
2015.05.12 16:26:47.117,1.52629,1.52677,1.50,1.37
2015.05.12 16:26:47.218,1.52629,1.52677,1.87,1.12
2015.05.12 16:26:47.810,1.52629,1.52676,1.87,1.00
2015.05.12 16:26:48.433,1.52629,1.52677,1.87,1.12
2015.05.12 16:26:48.997,1.52629,1.52676,1.87,1.00
2015.05.12 16:26:49.634,1.52629,1.52676,1.87,1.37
2015.05.12 16:26:51.596,1.52628,1.52677,1.00,1.37
2015.05.12 16:26:52.700,1.52628,1.52677,1.37,1.12
2015.05.12 16:26:54.351,1.52629,1.52677,1.00,1.37
2015.05.12 16:26:56.151,1.52629,1.52681,1.00,1.37
2015.05.12 16:26:56.352,1.52629,1.52681,1.50,1.00
2015.05.12 16:26:56.811,1.52634,1.52687,1.87,1.87
2015.05.12 16:26:56.862,1.52634,1.52682,1.12,1.37
2015.05.12 16:26:57.166,1.52629,1.52677,1.50,1.37
2015.05.12 16:26:57.361,1.52625,1.52675,1.37,1.00
2015.05.12 16:26:57.631,1.52624,1.52673,1.87,1.00
2015.05.12 16:26:57.933,1.52624,1.52676,1.87,3.37
2015.05.12 16:26:58.084,1.52624,1.52666,1.12,1.00
2015.05.12 16:26:58.385,1.52625,1.52666,1.37,1.00
2015.05.12 16:26:59.004,1.52625,1.52667,1.37,1.00
2015.05.12 16:26:59.461,1.52625,1.52667,1.37,1.00
2015.05.12 16:27:01.427,1.52625,1.52666,1.37,1.00
2015.05.12 16:27:02.041,1.52625,1.52666,1.37,1.00
2015.05.12 16:27:03.582,1.52626,1.52676,1.37,1.50
2015.05.12 16:27:03.683,1.52637,1.52676,1.75,1.00
2015.05.12 16:27:03.952,1.5265,1.52687,1.37,1.00
2015.05.12 16:27:04.155,1.52655,1.52686,1.00,1.00
2015.05.12 16:27:04.675,1.52655,1.52687,1.00,1.00
2015.05.12 16:27:04.961,1.5265,1.52687,1.37,1.00
2015.05.12 16:27:05.960,1.5265,1.52687,1.00,1.00
2015.05.12 16:27:06.062,1.52648,1.52687,1.00,1.37
2015.05.12 16:27:06.112,1.52645,1.52694,1.87,1.75
2015.05.12 16:27:06.668,1.52645,1.52687,1.12,1.12
2015.05.12 16:27:06.842,1.52641,1.52687,1.37,1.00
2015.05.12 16:27:07.414,1.5264,1.52687,1.37,1.37
2015.05.12 16:27:07.765,1.5264,1.52687,1.37,1.37
2015.05.12 16:27:10.976,1.52645,1.52687,1.37,1.12
2015.05.12 16:27:11.508,1.52646,1.52686,1.12,1.00
2015.05.12 16:27:14.613,1.52646,1.52686,1.00,1.37
2015.05.12 16:27:14.765,1.5264,1.52686,1.87,1.37
2015.05.12 16:27:14.815,1.5264,1.52686,3.00,1.00
2015.05.12 16:27:17.087,1.5264,1.52686,3.00,1.00
2015.05.12 16:27:17.689,1.5264,1.52686,3.00,1.00
2015.05.12 16:27:18.597,1.5264,1.52686,1.87,1.37
2015.05.12 16:27:19.183,1.52637,1.52686,1.75,1.87
2015.05.12 16:27:19.285,1.52637,1.52686,1.75,1.87
2015.05.12 16:27:19.789,1.5264,1.52687,1.75,1.00
2015.05.12 16:27:20.100,1.5264,1.52687,2.25,1.00
2015.05.12 16:27:22.224,1.5264,1.52687,3.00,1.87
2015.05.12 16:27:23.519,1.5264,1.52686,3.00,1.00
2015.05.12 16:27:24.181,1.52645,1.52686,1.37,1.00
2015.05.12 16:27:25.710,1.52645,1.52687,1.37,1.00
2015.05.12 16:27:26.214,1.52641,1.52686,1.75,1.00
2015.05.12 16:27:26.490,1.52643,1.52689,1.50,1.12
2015.05.12 16:27:26.591,1.5264,1.52686,2.25,1.00
2015.05.12 16:27:27.100,1.5264,1.52686,3.00,1.00
2015.05.12 16:27:29.850,1.5264,1.52686,3.00,1.00
2015.05.12 16:27:30.452,1.5264,1.52687,3.00,1.00
2015.05.12 16:27:32.153,1.52645,1.52687,1.37,1.00
2015.05.12 16:27:33.101,1.52645,1.52686,1.37,1.00
2015.05.12 16:27:33.152,1.52645,1.52686,2.25,1.00
2015.05.12 16:27:33.304,1.52649,1.52689,1.37,1.00
2015.05.12 16:27:33.355,1.52649,1.52689,1.37,1.00
2015.05.12 16:27:33.456,1.52652,1.52696,1.37,1.00
2015.05.12 16:27:33.507,1.52654,1.52703,1.37,1.87
2015.05.12 16:27:33.956,1.52654,1.52703,2.25,1.37
2015.05.12 16:27:34.459,1.52658,1.52706,1.00,1.75
2015.05.12 16:27:34.510,1.52652,1.52704,1.37,1.75
2015.05.12 16:27:34.611,1.52652,1.52696,1.37,1.00
2015.05.12 16:27:34.662,1.52652,1.52696,1.00,1.00
2015.05.12 16:27:34.915,1.5265,1.52696,1.12,1.00
2015.05.12 16:27:35.463,1.5265,1.527,1.12,1.37
2015.05.12 16:27:38.229,1.5265,1.52696,1.12,1.00
2015.05.12 16:27:41.103,1.5265,1.52693,1.12,1.00
2015.05.12 16:27:41.404,1.52641,1.52686,1.75,1.00
2015.05.12 16:27:42.108,1.52641,1.52686,1.37,1.00
2015.05.12 16:27:43.870,1.52641,1.52676,1.37,1.00
2015.05.12 16:27:44.438,1.52641,1.52676,1.37,1.00
2015.05.12 16:27:44.819,1.52641,1.52676,1.37,1.00
2015.05.12 16:27:45.351,1.52641,1.52676,1.37,1.00
2015.05.12 16:27:45.720,1.52641,1.52686,1.75,1.00
2015.05.12 16:27:46.428,1.52641,1.52686,1.75,1.00
2015.05.12 16:27:46.723,1.52644,1.52694,3.00,1.37
2015.05.12 16:27:46.925,1.52644,1.52686,2.25,1.00
2015.05.12 16:27:47.518,1.52643,1.52693,2.25,1.37
2015.05.12 16:27:47.619,1.52644,1.52686,1.75,1.00
2015.05.12 16:27:48.160,1.52644,1.52687,1.75,1.00
2015.05.12 16:27:48.335,1.52643,1.52687,1.87,1.00
2015.05.12 16:27:48.386,1.52643,1.52677,1.37,1.00
2015.05.12 16:27:48.537,1.52639,1.52677,1.50,1.00
2015.05.12 16:27:48.639,1.52636,1.52677,1.35,1.00
2015.05.12 16:27:49.040,1.52639,1.52676,3.00,1.00
2015.05.12 16:27:49.141,1.52644,1.52686,1.75,1.00
2015.05.12 16:27:49.893,1.5264,1.52687,1.00,2.25
2015.05.12 16:27:49.944,1.52635,1.52677,1.00,1.87
2015.05.12 16:27:50.045,1.52622,1.52675,2.92,1.37
2015.05.12 16:27:50.146,1.52622,1.52675,2.25,1.00
2015.05.12 16:27:50.980,1.5263,1.52675,1.75,1.00
2015.05.12 16:27:51.031,1.5263,1.5268,2.25,1.00
2015.05.12 16:27:51.236,1.52633,1.52686,1.50,3.00
2015.05.12 16:27:51.337,1.52633,1.52679,1.37,1.00
2015.05.12 16:27:51.387,1.52633,1.52679,1.00,1.37
2015.05.12 16:27:51.438,1.52628,1.52678,1.72,1.12
2015.05.12 16:27:51.691,1.52628,1.52678,2.10,1.00
2015.05.12 16:27:51.943,1.52629,1.52681,1.97,1.00
2015.05.12 16:27:52.096,1.52631,1.52681,1.67,1.00
2015.05.12 16:27:55.383,1.52629,1.52681,2.10,1.12
2015.05.12 16:27:55.982,1.52629,1.52681,1.37,1.37
2015.05.12 16:27:56.285,1.52629,1.52681,1.37,1.75
2015.05.12 16:27:57.680,1.52628,1.52676,1.50,1.37
2015.05.12 16:27:59.789,1.52628,1.52677,1.37,2.25
2015.05.12 16:27:59.991,1.52628,1.52677,1.50,1.87
2015.05.12 16:28:00.739,1.52628,1.52676,1.37,1.50
2015.05.12 16:28:01.733,1.52628,1.52667,1.37,1.00
2015.05.12 16:28:01.783,1.52628,1.52676,1.37,1.50
2015.05.12 16:28:03.907,1.52628,1.52676,1.00,1.50
2015.05.12 16:28:04.008,1.52621,1.52673,1.37,1.87
2015.05.12 16:28:04.109,1.52621,1.52667,1.37,1.00
2015.05.12 16:28:04.159,1.52618,1.52667,1.87,1.00
2015.05.12 16:28:04.211,1.52618,1.52667,1.87,1.37
2015.05.12 16:28:04.615,1.52616,1.52667,1.37,1.87
2015.05.12 16:28:04.717,1.52616,1.52667,1.37,1.87
2015.05.12 16:28:07.259,1.52616,1.52667,1.50,1.50
2015.05.12 16:28:07.963,1.5262,1.52674,1.37,1.00
2015.05.12 16:28:08.468,1.5262,1.52674,1.75,1.00
2015.05.12 16:28:09.077,1.5262,1.52674,1.75,1.00
2015.05.12 16:28:10.468,1.5262,1.5267,1.50,1.00
2015.05.12 16:28:10.858,1.5262,1.5267,1.75,1.50
2015.05.12 16:28:11.161,1.5262,1.52667,1.50,1.37
2015.05.12 16:28:12.488,1.52619,1.52666,1.75,1.00
2015.05.12 16:28:12.697,1.5262,1.5267,1.75,1.00
2015.05.12 16:28:12.748,1.52621,1.52675,1.50,1.37
2015.05.12 16:28:17.175,1.52621,1.5267,1.50,1.00
2015.05.12 16:28:17.497,1.52622,1.52666,1.35,1.00
2015.05.12 16:28:17.548,1.52621,1.52674,2.47,1.37
2015.05.12 16:28:17.750,1.52625,1.52666,1.12,1.00
2015.05.12 16:28:20.138,1.52631,1.52666,1.75,1.00
2015.05.12 16:28:20.393,1.52641,1.5268,1.00,1.00
2015.05.12 16:28:20.444,1.52651,1.52686,1.00,1.00
2015.05.12 16:28:20.595,1.52651,1.52693,1.00,1.50
2015.05.12 16:28:20.746,1.52651,1.52697,1.37,1.87
2015.05.12 16:28:22.246,1.52656,1.52697,1.37,1.00
2015.05.12 16:28:22.348,1.52656,1.527,1.37,1.37
2015.05.12 16:28:22.449,1.52651,1.52698,1.00,1.37
2015.05.12 16:28:22.847,1.52649,1.52696,1.12,1.37
2015.05.12 16:28:22.898,1.52649,1.52687,1.12,1.00
2015.05.12 16:28:26.323,1.52649,1.52686,1.00,1.00
2015.05.12 16:28:26.472,1.52646,1.52687,1.12,1.00
2015.05.12 16:28:26.573,1.52643,1.52687,1.87,1.00
2015.05.12 16:28:26.674,1.52643,1.52687,1.87,1.00
2015.05.12 16:28:26.775,1.52645,1.52687,1.12,1.00
2015.05.12 16:28:26.876,1.52645,1.52693,1.75,1.37
2015.05.12 16:28:26.977,1.52643,1.52694,2.25,1.00
2015.05.12 16:28:28.490,1.52649,1.52694,1.75,1.00
2015.05.12 16:28:28.829,1.52651,1.52695,1.37,1.37
2015.05.12 16:28:29.161,1.52645,1.52686,1.75,1.00
2015.05.12 16:28:29.212,1.52645,1.52686,1.37,1.00
2015.05.12 16:28:29.758,1.52645,1.52687,1.37,1.00
2015.05.12 16:28:29.947,1.52636,1.52686,1.37,2.62
2015.05.12 16:28:29.998,1.52636,1.52686,1.37,3.00
2015.05.12 16:28:30.300,1.52634,1.52677,1.37,1.00
2015.05.12 16:28:32.218,1.52636,1.52677,1.50,1.00
2015.05.12 16:28:32.887,1.52636,1.52677,1.37,1.00
2015.05.12 16:28:33.088,1.52636,1.52676,1.50,1.00
2015.05.12 16:28:37.220,1.52636,1.52676,1.37,1.00
2015.05.12 16:28:38.842,1.52636,1.52676,1.00,1.00
2015.05.12 16:28:39.375,1.52635,1.52676,1.00,1.00
2015.05.12 16:28:41.844,1.52635,1.52676,1.50,1.00
2015.05.12 16:28:42.147,1.52643,1.52676,1.37,1.00
2015.05.12 16:28:42.333,1.52643,1.52687,1.37,1.00
2015.05.12 16:28:43.123,1.52643,1.52687,1.37,1.00
2015.05.12 16:28:46.579,1.52643,1.52687,1.37,1.00
2015.05.12 16:28:48.566,1.52643,1.52687,1.12,1.37
2015.05.12 16:28:48.667,1.52641,1.52687,1.12,1.37
2015.05.12 16:28:49.951,1.52636,1.52688,1.75,1.87
2015.05.12 16:28:50.153,1.52639,1.52686,1.37,1.00
2015.05.12 16:28:52.151,1.52639,1.52686,1.75,1.00
2015.05.12 16:29:05.409,1.5264,1.52686,1.37,1.00
2015.05.12 16:29:09.432,1.52644,1.52686,1.37,1.00
2015.05.12 16:29:17.140,1.52644,1.52687,1.12,1.00
2015.05.12 16:29:17.634,1.52644,1.52687,1.37,1.00
2015.05.12 16:29:21.442,1.52644,1.52687,1.37,1.00
2015.05.12 16:29:21.932,1.52644,1.52687,1.37,1.00
2015.05.12 16:29:22.133,1.52644,1.52687,1.37,1.00
2015.05.12 16:29:22.243,1.52644,1.52687,1.12,1.37
2015.05.12 16:29:22.647,1.52639,1.5269,1.37,1.12
2015.05.12 16:29:23.665,1.52639,1.5269,1.75,1.00
2015.05.12 16:29:23.967,1.52643,1.52686,1.50,1.00
2015.05.12 16:29:32.679,1.52643,1.52686,1.37,1.00
2015.05.12 16:29:42.121,1.52644,1.52686,3.00,1.00
2015.05.12 16:29:42.350,1.52656,1.52705,1.87,1.37
2015.05.12 16:29:42.808,1.52656,1.52706,1.87,1.87
2015.05.12 16:29:43.146,1.52656,1.52696,1.87,1.00
2015.05.12 16:29:43.897,1.52656,1.52706,1.87,1.87
2015.05.12 16:29:46.424,1.52656,1.52704,1.87,1.75
2015.05.12 16:29:46.744,1.52656,1.52704,1.37,1.37
2015.05.12 16:29:46.845,1.52655,1.52696,1.37,1.00
2015.05.12 16:29:46.946,1.52653,1.52704,1.75,1.37
2015.05.12 16:29:47.047,1.52653,1.52696,1.75,1.00
2015.05.12 16:29:47.351,1.52656,1.52697,1.50,1.00
2015.05.12 16:29:47.603,1.5266,1.52706,1.37,1.50
2015.05.12 16:29:48.293,1.5266,1.52706,1.00,1.50
2015.05.12 16:29:51.373,1.5266,1.52706,1.37,1.37
2015.05.12 16:29:54.679,1.5266,1.52707,1.37,1.37
2015.05.12 16:29:57.488,1.5266,1.52707,1.37,1.12
2015.05.12 16:29:58.029,1.5266,1.52706,1.37,1.00
2015.05.12 16:30:00.882,1.52662,1.52706,1.37,1.00
2015.05.12 16:30:01.136,1.52664,1.52714,1.37,1.75
2015.05.12 16:30:01.187,1.52664,1.52714,1.50,1.37
2015.05.12 16:30:01.526,1.52664,1.52713,1.37,1.50
2015.05.12 16:30:02.112,1.52664,1.52707,1.37,1.00
2015.05.12 16:30:02.434,1.52664,1.52707,1.37,1.37
2015.05.12 16:30:15.048,1.5266,1.52705,1.12,1.37
2015.05.12 16:30:15.351,1.52651,1.52697,2.25,1.00
2015.05.12 16:30:15.452,1.52652,1.52696,1.37,1.00
2015.05.12 16:30:15.755,1.52651,1.52687,1.37,1.00
2015.05.12 16:30:20.589,1.52651,1.52697,1.37,1.37
2015.05.12 16:30:21.711,1.52651,1.52697,1.37,1.50
2015.05.12 16:30:28.931,1.5265,1.52697,1.37,1.37
2015.05.12 16:30:31.990,1.5265,1.52701,1.37,1.00
2015.05.12 16:30:32.091,1.52656,1.52701,1.00,1.00
2015.05.12 16:30:32.142,1.52656,1.52705,1.12,1.37
2015.05.12 16:30:32.193,1.52662,1.52711,1.37,1.37
2015.05.12 16:30:32.698,1.52665,1.52706,1.37,1.00
2015.05.12 16:30:34.205,1.52665,1.52706,1.37,1.00
2015.05.12 16:30:34.558,1.52673,1.52724,1.00,1.00
2015.05.12 16:30:34.659,1.52673,1.52721,1.00,1.00
2015.05.12 16:30:34.962,1.52669,1.52717,1.00,1.00
2015.05.12 16:30:35.478,1.52668,1.52717,1.12,1.00
2015.05.12 16:30:36.222,1.52668,1.52717,1.37,1.00
2015.05.12 16:30:37.653,1.52668,1.52706,1.37,1.00
2015.05.12 16:30:39.553,1.52677,1.52717,1.00,1.00
2015.05.12 16:30:39.856,1.52678,1.52723,1.00,1.00
2015.05.12 16:30:40.047,1.52673,1.52723,1.50,1.00
2015.05.12 16:30:40.098,1.52673,1.52717,1.50,1.00
2015.05.12 16:30:40.484,1.52676,1.52717,1.00,1.00
2015.05.12 16:30:40.962,1.52677,1.52716,1.75,1.00
2015.05.12 16:30:41.149,1.52682,1.52726,1.37,1.37
2015.05.12 16:30:41.202,1.52682,1.52726,1.37,1.00
2015.05.12 16:30:42.264,1.52683,1.52728,1.37,1.12
2015.05.12 16:30:44.121,1.52683,1.52731,1.00,1.37
2015.05.12 16:30:45.303,1.52683,1.52731,1.37,1.12
2015.05.12 16:30:45.404,1.52683,1.52731,1.37,1.00
2015.05.12 16:30:45.550,1.5269,1.52736,1.12,1.00
2015.05.12 16:30:46.219,1.5269,1.52738,1.12,1.37
2015.05.12 16:30:46.851,1.52692,1.52738,1.00,1.37
2015.05.12 16:30:47.002,1.52687,1.52738,1.87,1.37
2015.05.12 16:30:47.106,1.52687,1.52738,2.25,1.00
2015.05.12 16:30:48.298,1.52687,1.52738,1.87,1.12
2015.05.12 16:30:49.331,1.52683,1.52735,1.37,1.12
2015.05.12 16:30:49.634,1.52683,1.52726,1.37,1.00
2015.05.12 16:30:53.564,1.52679,1.52726,1.50,1.37
2015.05.12 16:30:53.666,1.52679,1.52724,1.37,1.37
2015.05.12 16:30:53.817,1.52671,1.52722,1.37,1.37
2015.05.12 16:30:53.868,1.52671,1.52722,1.75,1.37
2015.05.12 16:30:54.121,1.52676,1.52726,1.75,1.00
2015.05.12 16:30:54.344,1.52676,1.52726,1.75,1.00
2015.05.12 16:30:54.651,1.52676,1.52727,1.75,1.00
2015.05.12 16:30:55.260,1.52676,1.52726,1.75,1.00
2015.05.12 16:30:57.548,1.52676,1.52729,1.75,1.37
2015.05.12 16:30:58.189,1.52676,1.52729,1.37,1.37
2015.05.12 16:30:58.803,1.52676,1.52726,1.37,1.37
2015.05.12 16:30:59.584,1.52676,1.52726,1.50,1.00
2015.05.12 16:30:59.887,1.5268,1.52726,1.00,1.37
2015.05.12 16:30:59.938,1.52675,1.52726,1.37,1.37
2015.05.12 16:31:00.083,1.52675,1.52726,1.37,1.50
