2011.08.29 12:00:00.096,1.71656,1.71702,1.13,1.28
2011.08.29 12:00:00.218,1.71656,1.71712,1.13,1.28
2011.08.29 12:00:00.558,1.71652,1.71706,1.35,1.28
2011.08.29 12:00:00.895,1.71652,1.71706,1.35,1.28
2011.08.29 12:00:01.017,1.7163,1.71685,1.50,1.28
2011.08.29 12:00:01.135,1.71629,1.71685,3.53,1.28
2011.08.29 12:00:03.899,1.7163,1.71685,1.35,1.28
2011.08.29 12:00:08.726,1.71629,1.71669,3.38,1.50
2011.08.29 12:00:08.846,1.71629,1.71668,1.28,1.35
2011.08.29 12:00:08.967,1.71609,1.71648,5.63,1.50
2011.08.29 12:00:09.085,1.71608,1.71645,1.50,1.88
2011.08.29 12:00:09.206,1.71599,1.71645,1.13,1.88
2011.08.29 12:00:09.325,1.716,1.71645,1.50,1.88
2011.08.29 12:00:12.157,1.71602,1.71655,1.35,1.88
2011.08.29 12:00:15.945,1.71599,1.71649,2.25,1.50
2011.08.29 12:00:16.415,1.716,1.71645,1.50,1.88
2011.08.29 12:00:16.535,1.71602,1.71654,1.35,1.88
2011.08.29 12:00:23.826,1.716,1.71649,1.88,1.50
2011.08.29 12:00:23.949,1.71589,1.71639,1.28,1.35
2011.08.29 12:00:24.176,1.71581,1.71635,1.73,1.88
2011.08.29 12:00:24.516,1.71578,1.71629,1.28,1.50
2011.08.29 12:00:24.855,1.7158,1.71635,1.50,1.88
2011.08.29 12:00:25.584,1.71582,1.71635,1.35,1.28
2011.08.29 12:00:27.976,1.71586,1.71635,1.50,1.28
2011.08.29 12:00:28.609,1.71585,1.71636,1.35,1.28
2011.08.29 12:00:28.726,1.71581,1.71636,1.73,1.28
2011.08.29 12:00:29.064,1.71581,1.71636,1.13,1.88
2011.08.29 12:00:30.167,1.71582,1.71636,1.13,1.88
2011.08.29 12:00:31.077,1.71586,1.71636,1.35,1.28
2011.08.29 12:00:34.775,1.71582,1.71632,1.13,1.50
2011.08.29 12:00:34.897,1.7158,1.71629,1.28,1.50
2011.08.29 12:00:35.126,1.7158,1.71635,1.28,1.35
2011.08.29 12:00:35.245,1.7158,1.71628,1.28,1.50
2011.08.29 12:00:35.505,1.71576,1.71635,1.35,1.35
2011.08.29 12:00:36.576,1.71576,1.71629,1.35,1.28
2011.08.29 12:00:38.007,1.71576,1.71629,1.35,1.28
2011.08.29 12:00:38.235,1.71576,1.71634,1.35,1.28
2011.08.29 12:00:40.027,1.7158,1.71634,1.35,1.28
2011.08.29 12:00:42.624,1.71577,1.71634,1.35,1.28
2011.08.29 12:00:43.956,1.71577,1.71633,1.35,1.28
2011.08.29 12:00:44.309,1.7158,1.71633,2.10,1.28
2011.08.29 12:00:44.761,1.71582,1.71634,1.50,1.28
2011.08.29 12:00:45.098,1.71576,1.71633,1.35,1.50
2011.08.29 12:00:45.216,1.71581,1.71633,1.50,1.28
2011.08.29 12:00:48.616,1.7158,1.71633,1.35,2.78
2011.08.29 12:00:49.014,1.7158,1.71624,1.35,1.28
2011.08.29 12:00:49.139,1.7158,1.71634,1.35,2.03
2011.08.29 12:00:58.135,1.71584,1.71641,1.35,2.03
2011.08.29 12:00:58.419,1.71583,1.71638,1.28,1.35
2011.08.29 12:00:58.757,1.71575,1.71625,1.35,1.28
2011.08.29 12:00:59.246,1.71574,1.71625,1.13,1.88
2011.08.29 12:01:01.467,1.71577,1.71628,1.35,1.28
2011.08.29 12:01:02.916,1.71577,1.71632,1.35,3.38
2011.08.29 12:01:03.546,1.71577,1.71629,1.35,1.28
2011.08.29 12:01:03.856,1.71577,1.71628,1.35,1.50
2011.08.29 12:01:04.448,1.7158,1.71628,1.35,2.78
2011.08.29 12:01:04.565,1.71572,1.71626,2.03,1.35
2011.08.29 12:01:10.444,1.71566,1.71623,1.35,2.63
2011.08.29 12:01:32.699,1.71569,1.71623,1.35,1.35
2011.08.29 12:01:35.563,1.71577,1.71624,1.35,2.78
2011.08.29 12:01:36.085,1.7158,1.71634,1.28,2.63
2011.08.29 12:01:36.395,1.7158,1.71634,1.28,2.03
2011.08.29 12:01:36.520,1.71581,1.71634,1.13,1.28
2011.08.29 12:01:36.639,1.71589,1.71642,1.28,1.35
2011.08.29 12:01:38.868,1.71589,1.71642,1.88,1.50
2011.08.29 12:01:39.099,1.7158,1.71634,1.28,2.03
2011.08.29 12:01:39.217,1.71583,1.71634,2.25,2.03
2011.08.29 12:01:39.447,1.7159,1.71644,1.28,2.03
2011.08.29 12:01:41.617,1.7158,1.71636,1.28,2.03
2011.08.29 12:01:41.857,1.7158,1.71636,2.03,2.03
2011.08.29 12:01:41.975,1.71591,1.71645,1.28,1.65
2011.08.29 12:01:43.399,1.71589,1.71645,1.28,1.65
2011.08.29 12:01:44.099,1.71589,1.71645,1.28,1.28
2011.08.29 12:01:45.147,1.71592,1.71646,1.28,1.88
2011.08.29 12:01:48.346,1.71589,1.71645,1.88,1.88
2011.08.29 12:02:00.435,1.71591,1.71645,1.28,3.38
2011.08.29 12:02:00.885,1.71583,1.71634,1.88,1.35
2011.08.29 12:02:01.723,1.71584,1.71635,1.88,2.03
2011.08.29 12:02:02.165,1.7159,1.71643,1.28,1.35
2011.08.29 12:02:05.833,1.7159,1.71643,1.28,1.35
2011.08.29 12:02:07.934,1.71589,1.71643,1.28,1.35
2011.08.29 12:02:11.174,1.71591,1.71648,1.28,2.10
2011.08.29 12:02:11.284,1.71586,1.71645,1.13,1.50
2011.08.29 12:02:18.116,1.71586,1.71646,1.50,2.03
2011.08.29 12:02:18.234,1.71588,1.71646,1.50,1.28
2011.08.29 12:02:18.659,1.71587,1.71646,1.50,2.03
2011.08.29 12:02:19.173,1.71586,1.71644,1.50,1.50
2011.08.29 12:02:25.436,1.71584,1.71644,2.78,1.50
2011.08.29 12:02:26.023,1.71586,1.71644,1.50,1.50
2011.08.29 12:02:26.526,1.71587,1.71646,2.25,1.28
2011.08.29 12:02:26.651,1.71591,1.71646,1.35,1.28
2011.08.29 12:02:26.985,1.71601,1.71656,1.35,1.28
2011.08.29 12:02:27.216,1.71604,1.71662,1.50,2.48
2011.08.29 12:02:27.444,1.71596,1.71657,1.13,1.50
2011.08.29 12:02:28.205,1.71599,1.71654,1.50,1.28
2011.08.29 12:02:28.526,1.71597,1.71654,2.25,1.28
2011.08.29 12:02:28.646,1.71596,1.71654,1.13,1.88
2011.08.29 12:02:29.191,1.71593,1.71652,2.40,1.35
2011.08.29 12:02:32.337,1.71595,1.71652,1.65,1.35
2011.08.29 12:02:32.676,1.71592,1.71648,1.28,2.78
2011.08.29 12:02:36.545,1.71592,1.71648,2.03,2.78
2011.08.29 12:02:36.776,1.71592,1.71648,3.38,2.78
2011.08.29 12:02:36.898,1.71592,1.71648,4.13,2.78
2011.08.29 12:02:37.018,1.71597,1.71651,1.13,1.28
2011.08.29 12:02:37.135,1.71601,1.71656,1.28,2.03
2011.08.29 12:02:37.678,1.71599,1.71655,1.28,2.03
2011.08.29 12:02:37.796,1.71597,1.71652,1.13,1.28
2011.08.29 12:02:38.464,1.71596,1.71652,1.65,2.03
2011.08.29 12:03:06.665,1.71597,1.71654,2.40,2.03
2011.08.29 12:03:06.785,1.71601,1.71656,1.28,2.03
2011.08.29 12:03:08.178,1.71603,1.71657,1.28,3.38
2011.08.29 12:03:08.544,1.71597,1.71656,2.40,2.03
2011.08.29 12:03:09.298,1.71599,1.71654,1.28,2.03
2011.08.29 12:03:09.864,1.71598,1.71657,2.03,3.38
2011.08.29 12:03:10.554,1.71598,1.71656,1.28,1.50
2011.08.29 12:03:10.667,1.71601,1.71652,1.28,1.50
2011.08.29 12:03:10.894,1.71598,1.71657,2.03,3.38
2011.08.29 12:03:11.117,1.71597,1.7165,1.13,1.28
2011.08.29 12:03:11.456,1.71597,1.7165,1.13,1.88
2011.08.29 12:03:11.795,1.71599,1.71655,1.28,1.35
2011.08.29 12:03:12.524,1.71599,1.71656,1.88,2.78
2011.08.29 12:03:15.824,1.71599,1.71656,1.28,2.78
2011.08.29 12:03:16.207,1.71597,1.71656,3.15,2.78
2011.08.29 12:03:19.374,1.71597,1.71655,2.40,1.35
2011.08.29 12:03:19.486,1.71593,1.7165,2.25,2.03
2011.08.29 12:03:19.606,1.71597,1.71654,2.40,1.35
2011.08.29 12:03:19.726,1.71597,1.71656,2.40,2.03
2011.08.29 12:03:19.845,1.71597,1.71654,2.40,1.35
2011.08.29 12:03:23.457,1.71597,1.71656,2.40,2.03
2011.08.29 12:03:23.575,1.71597,1.71654,2.40,1.35
2011.08.29 12:03:26.434,1.71598,1.71656,1.35,2.03
2011.08.29 12:03:27.309,1.71598,1.71654,1.35,1.50
2011.08.29 12:03:27.645,1.71597,1.71649,1.73,1.28
2011.08.29 12:03:27.986,1.71597,1.71649,1.13,1.28
2011.08.29 12:03:28.191,1.71597,1.71647,1.13,1.28
2011.08.29 12:03:29.708,1.71591,1.71647,1.88,1.28
2011.08.29 12:03:30.051,1.71592,1.71637,1.28,1.50
2011.08.29 12:03:30.166,1.71581,1.71636,1.73,2.03
2011.08.29 12:03:30.518,1.7158,1.71636,2.25,2.03
2011.08.29 12:03:31.062,1.71579,1.71633,2.25,1.28
2011.08.29 12:03:31.178,1.71581,1.7164,3.00,1.35
2011.08.29 12:03:31.295,1.71582,1.71642,1.28,2.03
2011.08.29 12:03:31.580,1.71583,1.71642,1.28,1.28
2011.08.29 12:03:31.824,1.71583,1.71642,2.03,1.28
2011.08.29 12:03:33.304,1.71583,1.71642,1.28,1.28
2011.08.29 12:03:34.156,1.71582,1.71642,1.28,1.28
2011.08.29 12:03:34.275,1.71582,1.71642,2.03,1.28
2011.08.29 12:03:34.614,1.7159,1.71646,2.63,2.03
2011.08.29 12:03:34.998,1.7159,1.71646,2.78,2.03
2011.08.29 12:03:42.437,1.7159,1.71646,2.78,2.63
2011.08.29 12:03:51.581,1.71594,1.71646,1.35,2.03
2011.08.29 12:03:51.696,1.7159,1.71646,2.63,2.03
2011.08.29 12:03:54.648,1.71594,1.71646,1.35,2.03
2011.08.29 12:03:59.246,1.71592,1.71646,1.88,2.03
2011.08.29 12:03:59.854,1.71591,1.71645,1.28,1.28
2011.08.29 12:03:59.965,1.71591,1.71645,1.88,1.88
2011.08.29 12:04:04.446,1.71585,1.71644,2.78,1.50
2011.08.29 12:04:05.442,1.71585,1.71643,2.78,1.35
2011.08.29 12:04:08.865,1.71585,1.71643,2.78,1.35
2011.08.29 12:04:10.386,1.71585,1.71644,2.78,1.50
2011.08.29 12:04:12.219,1.71585,1.71643,2.03,1.35
2011.08.29 12:04:12.648,1.71589,1.71643,1.28,1.35
2011.08.29 12:04:12.767,1.71581,1.71635,1.13,2.03
2011.08.29 12:04:12.885,1.71577,1.71635,3.75,2.03
2011.08.29 12:04:13.495,1.71577,1.71635,3.38,2.03
2011.08.29 12:04:15.119,1.71577,1.71635,2.78,2.03
2011.08.29 12:04:28.076,1.71577,1.71632,2.03,1.50
2011.08.29 12:04:28.195,1.71577,1.71635,2.78,1.35
2011.08.29 12:04:28.319,1.71583,1.71635,1.28,1.35
2011.08.29 12:04:28.438,1.71583,1.71639,1.28,2.03
2011.08.29 12:04:28.558,1.71582,1.71638,2.03,1.28
2011.08.29 12:04:28.897,1.71581,1.71635,1.50,1.28
2011.08.29 12:04:29.016,1.71578,1.71634,2.03,2.03
2011.08.29 12:04:29.357,1.7157,1.71626,2.78,2.03
2011.08.29 12:04:29.762,1.71575,1.71633,2.03,1.50
2011.08.29 12:04:29.878,1.71576,1.71634,1.50,3.38
2011.08.29 12:04:30.385,1.71576,1.71634,1.50,2.63
2011.08.29 12:04:30.985,1.71575,1.71633,2.03,1.50
2011.08.29 12:04:32.455,1.71581,1.71634,1.28,1.35
2011.08.29 12:04:32.576,1.71582,1.71634,1.28,1.35
2011.08.29 12:04:33.686,1.71577,1.71634,1.50,2.63
2011.08.29 12:04:37.353,1.71576,1.71634,2.03,1.35
2011.08.29 12:04:37.687,1.71576,1.71634,3.53,1.35
2011.08.29 12:04:39.895,1.71579,1.71634,1.28,1.35
2011.08.29 12:04:40.596,1.71579,1.71634,1.28,1.35
2011.08.29 12:04:40.825,1.7158,1.71636,1.28,1.50
2011.08.29 12:04:40.945,1.71582,1.71636,1.28,2.78
2011.08.29 12:04:41.557,1.71582,1.71636,2.03,1.28
2011.08.29 12:04:41.813,1.71588,1.71642,2.03,2.03
2011.08.29 12:04:42.805,1.71588,1.71646,2.03,2.63
2011.08.29 12:04:50.267,1.7159,1.71642,2.03,1.13
2011.08.29 12:04:50.386,1.7159,1.7164,1.28,1.50
2011.08.29 12:04:50.505,1.7158,1.71635,2.78,1.28
2011.08.29 12:04:51.312,1.71582,1.71636,2.03,1.28
2011.08.29 12:04:55.334,1.71582,1.71636,2.63,1.28
2011.08.29 12:05:10.045,1.71585,1.71638,1.35,1.35
2011.08.29 12:05:10.584,1.71587,1.71639,1.35,2.03
2011.08.29 12:05:10.918,1.7159,1.71646,1.35,1.50
2011.08.29 12:05:11.039,1.7159,1.71647,2.63,2.03
2011.08.29 12:05:11.796,1.7159,1.71647,1.88,2.03
2011.08.29 12:05:11.918,1.71582,1.71637,1.35,1.28
2011.08.29 12:05:12.038,1.71586,1.7164,1.50,1.35
2011.08.29 12:05:12.375,1.71587,1.7164,1.35,1.50
2011.08.29 12:05:13.236,1.71591,1.71647,1.88,1.35
2011.08.29 12:05:14.086,1.71593,1.71647,1.28,2.63
2011.08.29 12:05:21.195,1.7159,1.71647,1.73,1.35
2011.08.29 12:05:21.318,1.71591,1.71647,1.35,1.35
2011.08.29 12:05:21.929,1.71594,1.7165,2.03,1.35
2011.08.29 12:05:22.465,1.7159,1.71647,2.25,2.63
2011.08.29 12:05:22.672,1.7159,1.71647,2.25,3.38
2011.08.29 12:05:23.017,1.71589,1.71647,1.35,1.35
2011.08.29 12:05:24.767,1.71589,1.71647,1.35,2.10
2011.08.29 12:05:25.566,1.71586,1.7164,1.35,1.28
2011.08.29 12:05:27.477,1.71589,1.71647,2.63,3.38
2011.08.29 12:05:27.710,1.71589,1.71647,2.63,2.63
2011.08.29 12:05:38.298,1.71588,1.71646,3.00,2.03
2011.08.29 12:05:38.727,1.71587,1.71639,2.48,2.03
2011.08.29 12:05:38.855,1.71604,1.71657,1.28,1.35
2011.08.29 12:05:38.979,1.71594,1.71648,3.15,1.88
2011.08.29 12:05:39.207,1.71594,1.71648,2.03,1.88
2011.08.29 12:05:41.526,1.71594,1.71648,2.03,1.28
2011.08.29 12:05:41.646,1.71594,1.71648,1.28,2.03
2011.08.29 12:05:42.353,1.71593,1.71647,1.28,2.03
2011.08.29 12:05:44.797,1.71591,1.71645,1.28,1.28
2011.08.29 12:05:44.920,1.71586,1.71641,1.28,1.50
2011.08.29 12:05:45.039,1.71583,1.71639,1.28,2.03
2011.08.29 12:05:45.741,1.71581,1.71637,2.03,1.28
2011.08.29 12:05:47.699,1.71582,1.71638,2.03,2.03
2011.08.29 12:05:48.147,1.71582,1.71636,2.03,1.28
2011.08.29 12:05:48.958,1.71581,1.71635,2.03,1.28
2011.08.29 12:05:54.708,1.71581,1.71637,2.03,1.28
2011.08.29 12:05:55.765,1.71582,1.71638,2.03,2.03
2011.08.29 12:05:55.995,1.71582,1.71638,2.78,2.03
2011.08.29 12:06:13.186,1.71587,1.71643,2.03,2.03
2011.08.29 12:06:13.307,1.71583,1.71639,2.03,2.03
2011.08.29 12:06:14.640,1.71583,1.71637,2.03,1.28
2011.08.29 12:06:14.758,1.71583,1.71637,1.28,1.28
2011.08.29 12:06:15.093,1.71583,1.71637,2.03,1.28
2011.08.29 12:06:30.738,1.71583,1.71637,1.28,1.28
2011.08.29 12:06:32.036,1.71583,1.71629,1.28,1.50
2011.08.29 12:06:32.267,1.71573,1.71627,1.28,2.03
2011.08.29 12:06:32.759,1.71575,1.71627,2.03,1.35
2011.08.29 12:06:33.316,1.71576,1.71634,1.50,1.35
2011.08.29 12:06:33.548,1.71574,1.7163,1.50,1.35
2011.08.29 12:06:33.665,1.71572,1.7163,2.03,1.35
2011.08.29 12:06:34.185,1.71572,1.71626,1.28,1.35
2011.08.29 12:06:34.306,1.71566,1.71622,1.35,2.03
2011.08.29 12:06:34.426,1.71566,1.71622,2.10,2.03
2011.08.29 12:06:34.753,1.71566,1.7162,1.35,2.78
2011.08.29 12:06:35.086,1.71573,1.7163,2.03,1.28
2011.08.29 12:06:35.447,1.71573,1.7163,2.63,1.28
2011.08.29 12:06:36.597,1.71573,1.71632,2.63,1.50
2011.08.29 12:06:37.396,1.71577,1.71626,1.35,2.03
2011.08.29 12:06:42.598,1.71577,1.71626,1.35,2.03
2011.08.29 12:06:42.837,1.71581,1.71637,1.28,1.88
2011.08.29 12:06:43.167,1.71581,1.71631,1.28,1.35
2011.08.29 12:06:43.288,1.71571,1.71627,1.88,2.03
2011.08.29 12:06:43.516,1.71571,1.71626,1.28,1.35
2011.08.29 12:06:44.346,1.71571,1.71627,1.88,2.03
2011.08.29 12:06:47.977,1.71571,1.71626,1.88,1.35
2011.08.29 12:06:48.804,1.71567,1.71616,1.35,1.28
2011.08.29 12:06:49.706,1.71566,1.71623,1.35,2.63
2011.08.29 12:06:49.825,1.71566,1.71624,1.35,1.50
2011.08.29 12:06:55.153,1.71568,1.71624,1.28,2.78
2011.08.29 12:06:58.733,1.71568,1.71624,2.03,2.03
2011.08.29 12:07:04.165,1.71569,1.71624,1.50,1.28
2011.08.29 12:07:04.506,1.71579,1.71633,1.28,1.50
2011.08.29 12:07:05.037,1.71579,1.71635,1.28,1.50
2011.08.29 12:07:05.313,1.71579,1.71636,1.28,4.28
2011.08.29 12:07:06.007,1.71579,1.71636,2.78,1.28
2011.08.29 12:07:06.581,1.71581,1.71637,2.03,1.28
2011.08.29 12:07:10.725,1.71581,1.71637,2.03,2.03
2011.08.29 12:07:11.217,1.71581,1.71637,2.03,1.28
2011.08.29 12:07:13.866,1.71581,1.71637,2.03,2.03
2011.08.29 12:07:14.204,1.71584,1.71638,1.28,2.03
2011.08.29 12:07:14.449,1.71581,1.71638,1.35,2.03
2011.08.29 12:07:15.920,1.71581,1.71637,2.63,1.28
2011.08.29 12:07:17.858,1.71581,1.71632,1.88,1.50
2011.08.29 12:07:17.975,1.71581,1.71636,1.88,1.50
2011.08.29 12:07:18.394,1.71581,1.71638,1.35,2.03
2011.08.29 12:07:33.222,1.71581,1.71638,2.63,2.78
2011.08.29 12:07:33.674,1.71581,1.71638,2.63,2.03
2011.08.29 12:07:39.046,1.71582,1.71636,1.28,1.50
2011.08.29 12:07:39.166,1.71582,1.71638,2.03,2.03
2011.08.29 12:07:39.284,1.71581,1.71631,1.35,1.28
2011.08.29 12:07:39.407,1.71583,1.71637,1.28,1.28
2011.08.29 12:07:43.392,1.71581,1.71638,2.63,2.03
2011.08.29 12:07:50.905,1.71583,1.71637,1.28,1.28
2011.08.29 12:08:05.664,1.71582,1.71637,2.03,1.28
2011.08.29 12:08:06.193,1.71582,1.71638,2.03,2.78
2011.08.29 12:08:08.203,1.71582,1.71638,2.03,2.03
2011.08.29 12:08:10.806,1.71582,1.71637,2.03,1.28
2011.08.29 12:08:20.744,1.71582,1.71632,1.28,1.50
2011.08.29 12:08:20.964,1.71576,1.71632,1.28,2.78
2011.08.29 12:08:21.074,1.71574,1.7163,3.53,2.03
2011.08.29 12:08:21.184,1.71574,1.7163,4.28,2.03
2011.08.29 12:08:21.728,1.71573,1.71626,2.25,2.03
2011.08.29 12:08:29.446,1.71572,1.71628,1.28,1.50
2011.08.29 12:08:30.945,1.71571,1.71627,1.88,2.03
2011.08.29 12:08:31.509,1.71573,1.71628,2.63,2.03
2011.08.29 12:08:31.628,1.71577,1.71633,1.28,1.28
2011.08.29 12:08:31.747,1.71574,1.7163,1.88,1.28
2011.08.29 12:08:32.086,1.71575,1.71622,1.28,1.13
2011.08.29 12:08:32.206,1.71563,1.71616,2.10,1.50
2011.08.29 12:08:32.805,1.71564,1.71616,1.50,1.50
2011.08.29 12:08:34.020,1.71564,1.71597,1.50,2.03
2011.08.29 12:08:34.554,1.71537,1.71596,2.48,1.50
2011.08.29 12:08:36.186,1.71542,1.71596,2.10,2.78
2011.08.29 12:08:37.306,1.71542,1.71596,2.10,1.28
2011.08.29 12:08:39.089,1.71542,1.71597,2.10,1.28
2011.08.29 12:08:39.735,1.71542,1.71596,2.10,1.28
2011.08.29 12:08:43.765,1.71542,1.71597,2.10,1.28
2011.08.29 12:08:44.343,1.71542,1.71596,2.10,1.50
2011.08.29 12:08:47.346,1.71542,1.71589,2.10,1.28
2011.08.29 12:08:47.465,1.71537,1.71589,1.73,1.28
2011.08.29 12:08:49.317,1.71545,1.71596,2.10,2.03
2011.08.29 12:08:51.426,1.71537,1.71596,3.38,2.03
2011.08.29 12:08:55.490,1.71541,1.71596,1.35,1.28
2011.08.29 12:08:55.717,1.71546,1.71596,1.35,1.28
2011.08.29 12:08:55.836,1.71545,1.716,1.88,1.50
2011.08.29 12:08:55.958,1.71545,1.71599,2.03,1.35
2011.08.29 12:08:57.095,1.71538,1.71594,1.35,1.35
2011.08.29 12:08:58.686,1.71538,1.71595,1.35,2.03
2011.08.29 12:09:03.957,1.71538,1.71594,2.63,1.35
2011.08.29 12:09:11.435,1.71538,1.71594,2.03,1.35
2011.08.29 12:09:13.076,1.71538,1.71594,1.50,1.35
2011.08.29 12:09:13.515,1.71543,1.71595,1.28,2.10
2011.08.29 12:09:15.324,1.71544,1.71595,1.28,2.10
2011.08.29 12:09:16.946,1.71544,1.71595,2.03,2.10
2011.08.29 12:09:17.208,1.71544,1.71595,1.28,2.10
2011.08.29 12:09:17.324,1.71544,1.71599,1.28,1.35
2011.08.29 12:09:29.918,1.71544,1.71599,2.03,1.35
2011.08.29 12:09:41.146,1.71546,1.71599,1.50,1.35
2011.08.29 12:09:41.269,1.71554,1.716,1.73,1.28
2011.08.29 12:09:41.496,1.71554,1.71606,3.00,2.10
2011.08.29 12:09:51.215,1.71547,1.71607,2.25,2.63
2011.08.29 12:09:51.854,1.71547,1.71604,1.50,1.35
2011.08.29 12:09:51.976,1.71546,1.716,2.63,1.50
2011.08.29 12:09:52.097,1.71546,1.71597,1.35,1.28
2011.08.29 12:09:52.441,1.71543,1.71593,1.50,1.28
2011.08.29 12:09:54.757,1.71543,1.71593,1.50,2.78
2011.08.29 12:09:55.296,1.71543,1.71593,1.50,1.28
2011.08.29 12:09:55.928,1.71543,1.71593,2.25,1.28
2011.08.29 12:09:56.576,1.71539,1.71594,1.35,1.88
2011.08.29 12:09:56.810,1.71535,1.71588,2.03,2.10
2011.08.29 12:09:56.929,1.71533,1.71586,1.50,1.28
2011.08.29 12:09:57.046,1.71534,1.71595,2.03,2.63
2011.08.29 12:09:58.087,1.71538,1.71595,1.35,2.03
2011.08.29 12:10:02.235,1.71541,1.71596,1.50,1.28
2011.08.29 12:10:04.311,1.71541,1.71597,2.78,1.28
2011.08.29 12:10:08.474,1.71541,1.71596,1.50,1.28
2011.08.29 12:10:12.567,1.71541,1.71597,2.78,1.28
2011.08.29 12:10:14.438,1.71541,1.71597,2.03,1.28
2011.08.29 12:10:14.562,1.71553,1.71602,3.38,1.50
2011.08.29 12:10:14.897,1.71559,1.71602,2.10,1.50
2011.08.29 12:10:15.345,1.71564,1.71601,1.13,1.50
2011.08.29 12:10:15.470,1.71572,1.71631,1.50,2.63
2011.08.29 12:10:15.765,1.71571,1.71631,2.03,3.38
2011.08.29 12:10:16.122,1.7157,1.71626,2.03,2.03
2011.08.29 12:10:20.840,1.7157,1.71626,2.03,2.78
2011.08.29 12:10:21.175,1.71566,1.71624,1.50,2.78
2011.08.29 12:10:21.296,1.71566,1.71618,1.50,1.28
2011.08.29 12:10:21.970,1.71562,1.71617,1.50,1.28
2011.08.29 12:10:22.757,1.71565,1.71617,1.50,1.28
2011.08.29 12:10:23.078,1.71571,1.71625,1.28,1.28
2011.08.29 12:10:24.224,1.71569,1.71623,2.03,1.28
2011.08.29 12:10:24.556,1.71575,1.71627,2.10,1.28
2011.08.29 12:10:24.675,1.71573,1.71628,1.88,1.28
2011.08.29 12:10:24.794,1.7157,1.71624,2.63,1.28
2011.08.29 12:10:25.235,1.7157,1.71624,1.28,2.78
2011.08.29 12:10:25.468,1.71564,1.71619,1.35,2.03
2011.08.29 12:10:26.077,1.71566,1.71621,1.28,1.50
2011.08.29 12:10:26.298,1.71566,1.71627,1.28,2.03
2011.08.29 12:10:31.574,1.71564,1.71626,2.10,1.28
2011.08.29 12:10:32.145,1.71564,1.71627,2.10,2.03
2011.08.29 12:10:34.325,1.71565,1.71627,1.50,2.03
2011.08.29 12:10:35.158,1.71565,1.71626,2.78,1.28
2011.08.29 12:10:39.168,1.71565,1.71626,2.03,2.03
2011.08.29 12:10:39.488,1.71564,1.71616,1.35,1.28
2011.08.29 12:10:39.825,1.71567,1.71617,2.25,1.28
2011.08.29 12:10:39.944,1.71567,1.71625,2.25,1.28
2011.08.29 12:10:41.364,1.71567,1.71626,1.50,1.28
2011.08.29 12:10:43.585,1.71567,1.71627,1.50,2.03
2011.08.29 12:10:47.884,1.71567,1.71626,1.50,1.28
2011.08.29 12:10:52.104,1.71567,1.71625,2.78,1.28
2011.08.29 12:11:02.489,1.71567,1.71626,1.50,1.28
2011.08.29 12:11:02.607,1.71569,1.71626,1.50,1.28
2011.08.29 12:11:15.437,1.71567,1.71626,2.25,1.28
2011.08.29 12:11:15.556,1.71566,1.71622,1.50,1.50
2011.08.29 12:11:15.897,1.71564,1.71618,1.35,1.28
2011.08.29 12:11:17.485,1.71564,1.71616,1.35,1.28
2011.08.29 12:11:18.684,1.71564,1.71616,1.35,2.03
2011.08.29 12:11:20.124,1.7156,1.71614,1.88,2.03
2011.08.29 12:11:21.585,1.71564,1.71614,1.35,1.28
2011.08.29 12:11:21.707,1.71566,1.7162,1.50,1.28
2011.08.29 12:11:22.260,1.71567,1.71621,1.28,1.50
2011.08.29 12:11:22.534,1.71567,1.71625,1.28,1.28
2011.08.29 12:11:23.246,1.71565,1.71625,2.03,1.28
2011.08.29 12:11:25.585,1.71565,1.71621,1.28,1.50
2011.08.29 12:11:25.704,1.71561,1.71617,2.03,1.28
2011.08.29 12:11:25.813,1.71561,1.71617,2.03,1.28
2011.08.29 12:11:26.035,1.71563,1.71623,1.50,2.03
2011.08.29 12:11:27.455,1.7156,1.71623,1.50,1.50
2011.08.29 12:11:28.408,1.71561,1.71613,1.50,1.28
2011.08.29 12:11:28.527,1.71563,1.71617,1.28,1.28
2011.08.29 12:11:30.376,1.71563,1.71617,2.03,2.03
2011.08.29 12:11:30.604,1.71561,1.71617,2.78,1.28
2011.08.29 12:11:30.714,1.71561,1.71617,2.03,1.28
2011.08.29 12:11:31.054,1.71561,1.71617,1.28,2.78
2011.08.29 12:11:31.495,1.71559,1.71615,2.03,2.03
2011.08.29 12:11:45.415,1.71562,1.71616,2.03,1.28
2011.08.29 12:11:46.366,1.71559,1.71615,2.03,1.28
2011.08.29 12:11:46.842,1.71567,1.71617,1.35,1.28
2011.08.29 12:11:46.956,1.71567,1.71624,1.35,2.78
2011.08.29 12:11:50.855,1.71572,1.71624,1.50,1.28
2011.08.29 12:11:50.973,1.71572,1.71631,2.78,2.25
2011.08.29 12:11:51.654,1.71574,1.71631,1.35,2.25
2011.08.29 12:11:56.085,1.71577,1.71631,1.35,1.50
2011.08.29 12:11:56.205,1.71577,1.71635,1.35,2.03
2011.08.29 12:12:02.277,1.71576,1.71633,1.28,1.50
2011.08.29 12:12:02.398,1.71576,1.71635,2.78,2.03
2011.08.29 12:12:04.224,1.71573,1.71633,2.03,1.50
2011.08.29 12:12:09.668,1.71574,1.7163,1.50,1.13
2011.08.29 12:12:15.933,1.71574,1.7163,1.50,1.13
2011.08.29 12:12:16.498,1.71572,1.7163,2.03,1.13
2011.08.29 12:12:19.183,1.71574,1.7163,1.50,1.13
2011.08.29 12:12:21.468,1.71581,1.71635,1.28,2.78
2011.08.29 12:12:24.684,1.71581,1.71635,2.03,2.03
2011.08.29 12:12:25.713,1.71582,1.71636,2.03,3.15
2011.08.29 12:12:29.904,1.71577,1.71635,2.25,2.40
2011.08.29 12:12:30.014,1.71577,1.71635,1.50,2.40
2011.08.29 12:12:31.388,1.71576,1.71632,2.03,1.50
2011.08.29 12:12:31.506,1.71577,1.71634,1.50,1.13
2011.08.29 12:12:31.625,1.71577,1.71635,1.50,1.13
2011.08.29 12:12:37.919,1.71577,1.71635,2.10,2.40
2011.08.29 12:12:40.324,1.71577,1.71634,2.10,1.28
2011.08.29 12:12:42.613,1.71581,1.71635,1.28,2.40
2011.08.29 12:12:46.050,1.71573,1.71628,2.03,1.50
2011.08.29 12:12:48.066,1.71571,1.71625,2.03,1.28
2011.08.29 12:12:50.397,1.71575,1.71624,1.35,1.28
2011.08.29 12:12:50.625,1.71568,1.71624,1.50,1.28
2011.08.29 12:12:50.905,1.71569,1.71624,1.35,1.65
2011.08.29 12:12:52.807,1.71565,1.71622,1.50,1.65
2011.08.29 12:12:53.466,1.71566,1.71622,1.35,1.65
2011.08.29 12:12:55.224,1.71569,1.71623,1.28,2.40
2011.08.29 12:12:55.335,1.71565,1.71622,1.50,1.65
2011.08.29 12:12:55.455,1.71566,1.71622,1.35,1.65
2011.08.29 12:12:55.987,1.7157,1.71624,1.88,1.50
2011.08.29 12:12:56.109,1.7157,1.71626,1.88,1.28
2011.08.29 12:12:56.886,1.7157,1.71626,1.28,1.28
2011.08.29 12:12:57.005,1.71571,1.71626,2.10,1.28
2011.08.29 12:12:57.967,1.71572,1.71626,1.50,1.28
2011.08.29 12:12:58.086,1.71573,1.71626,2.10,1.28
2011.08.29 12:12:59.879,1.71573,1.71627,2.10,2.03
2011.08.29 12:13:00.617,1.71571,1.71627,1.28,2.03
2011.08.29 12:13:03.855,1.71572,1.71627,2.10,2.03
2011.08.29 12:13:03.990,1.71572,1.71623,2.10,1.28
2011.08.29 12:13:04.136,1.71569,1.71623,2.40,1.28
2011.08.29 12:13:04.848,1.71566,1.71622,1.13,2.03
2011.08.29 12:13:05.565,1.71564,1.71622,2.78,2.03
2011.08.29 12:13:05.686,1.71566,1.71622,1.35,2.03
2011.08.29 12:13:08.777,1.71564,1.71617,2.10,1.50
2011.08.29 12:13:09.248,1.71563,1.71613,3.60,1.28
2011.08.29 12:13:10.538,1.71559,1.71613,1.88,1.28
2011.08.29 12:13:12.416,1.71559,1.71613,1.28,1.28
2011.08.29 12:13:12.870,1.71557,1.71609,1.65,1.50
2011.08.29 12:13:13.205,1.71549,1.71604,2.25,1.28
2011.08.29 12:13:14.066,1.71556,1.71604,1.35,1.28
2011.08.29 12:13:14.329,1.71556,1.71606,1.35,1.28
2011.08.29 12:13:16.077,1.71549,1.71606,2.78,1.28
2011.08.29 12:13:16.196,1.71549,1.71602,1.50,1.28
2011.08.29 12:13:17.695,1.71549,1.71602,2.25,1.28
2011.08.29 12:13:19.885,1.71549,1.71603,2.25,1.28
2011.08.29 12:13:23.265,1.71547,1.71603,2.03,1.28
2011.08.29 12:13:23.931,1.71546,1.71602,2.03,1.28
2011.08.29 12:13:25.605,1.71547,1.71602,1.35,1.28
2011.08.29 12:13:25.726,1.71546,1.71602,3.53,1.28
2011.08.29 12:13:29.024,1.7155,1.71602,2.10,1.28
2011.08.29 12:13:33.056,1.71548,1.71602,1.28,1.28
2011.08.29 12:13:33.284,1.7155,1.71602,2.10,1.28
2011.08.29 12:13:33.946,1.7155,1.71601,2.10,1.28
2011.08.29 12:13:41.274,1.7155,1.716,2.10,2.03
2011.08.29 12:13:43.555,1.7155,1.716,2.10,2.03
2011.08.29 12:13:43.787,1.71547,1.71591,1.35,1.28
2011.08.29 12:13:44.125,1.71545,1.71599,1.88,1.28
2011.08.29 12:13:44.398,1.71553,1.71599,2.10,1.28
2011.08.29 12:13:44.647,1.71555,1.71611,1.88,2.78
2011.08.29 12:13:45.249,1.71556,1.7161,1.88,2.03
2011.08.29 12:13:50.774,1.71556,1.7161,1.88,2.03
2011.08.29 12:13:50.885,1.71556,1.71608,1.88,1.50
2011.08.29 12:13:54.755,1.71553,1.71608,2.10,1.50
2011.08.29 12:13:55.557,1.71553,1.71602,2.10,1.28
2011.08.29 12:13:56.536,1.71553,1.71604,2.10,2.03
2011.08.29 12:13:57.730,1.71561,1.71605,2.10,1.50
2011.08.29 12:13:58.297,1.71561,1.71611,2.10,1.50
2011.08.29 12:13:58.939,1.71557,1.71611,1.88,1.50
2011.08.29 12:13:59.476,1.71554,1.7161,2.10,2.03
2011.08.29 12:14:00.222,1.71554,1.71602,2.10,1.28
2011.08.29 12:14:02.026,1.7155,1.71602,2.10,1.28
2011.08.29 12:14:02.255,1.7155,1.716,2.10,1.28
2011.08.29 12:14:05.426,1.7155,1.716,2.10,2.03
2011.08.29 12:14:05.968,1.7155,1.71598,2.10,1.28
2011.08.29 12:14:09.327,1.7155,1.71597,2.10,1.28
2011.08.29 12:14:11.135,1.7155,1.71598,2.10,1.28
2011.08.29 12:14:11.521,1.7155,1.71596,2.10,1.28
2011.08.29 12:14:11.961,1.7155,1.71595,2.10,2.03
2011.08.29 12:14:12.074,1.71546,1.71595,1.35,2.03
2011.08.29 12:14:13.616,1.71542,1.71592,2.10,1.50
2011.08.29 12:14:14.586,1.71547,1.71595,1.35,2.03
2011.08.29 12:14:15.148,1.71542,1.71592,2.10,1.50
2011.08.29 12:14:16.287,1.71547,1.71596,1.35,1.50
2011.08.29 12:14:16.407,1.71542,1.71593,2.10,1.50
2011.08.29 12:14:17.061,1.71542,1.7159,2.10,1.28
2011.08.29 12:14:19.545,1.71538,1.7159,2.10,1.28
2011.08.29 12:14:19.667,1.71538,1.71588,2.48,2.78
2011.08.29 12:14:19.897,1.71552,1.71606,1.88,1.35
2011.08.29 12:14:20.016,1.71552,1.71607,3.38,2.03
2011.08.29 12:14:20.468,1.71569,1.71617,1.35,2.78
2011.08.29 12:14:20.817,1.71564,1.71617,2.25,2.10
2011.08.29 12:14:20.940,1.71562,1.71618,1.88,1.88
2011.08.29 12:14:21.553,1.71562,1.71616,1.88,1.28
2011.08.29 12:14:21.665,1.71562,1.71618,1.88,1.28
2011.08.29 12:14:22.195,1.71563,1.7162,1.88,2.03
2011.08.29 12:14:23.276,1.71565,1.7162,1.35,2.03
2011.08.29 12:14:23.989,1.71566,1.7162,1.28,2.03
2011.08.29 12:14:24.325,1.71566,1.71622,1.28,1.28
2011.08.29 12:14:27.168,1.71566,1.71621,1.28,1.50
2011.08.29 12:14:27.674,1.71565,1.71619,1.35,2.03
2011.08.29 12:14:29.347,1.71565,1.71616,1.35,1.28
2011.08.29 12:14:29.963,1.71565,1.71615,1.35,2.03
2011.08.29 12:14:31.329,1.71565,1.71616,1.35,1.28
2011.08.29 12:14:33.304,1.71565,1.71615,1.35,1.28
2011.08.29 12:14:34.736,1.71561,1.71615,2.78,2.03
2011.08.29 12:14:34.857,1.71561,1.71609,1.28,1.50
2011.08.29 12:14:34.979,1.71553,1.71607,2.03,2.03
2011.08.29 12:14:36.620,1.71553,1.71607,1.28,2.03
2011.08.29 12:14:37.735,1.71553,1.71607,2.03,2.03
2011.08.29 12:14:38.529,1.71551,1.71605,1.35,1.28
2011.08.29 12:14:38.644,1.7155,1.71605,1.35,1.28
2011.08.29 12:14:38.867,1.7155,1.71603,1.35,1.28
2011.08.29 12:14:39.206,1.71547,1.716,1.35,1.50
2011.08.29 12:14:39.327,1.71548,1.71601,1.50,1.28
2011.08.29 12:14:39.449,1.71541,1.71595,2.03,2.03
2011.08.29 12:14:39.852,1.71543,1.716,2.03,1.50
2011.08.29 12:14:39.971,1.71541,1.71596,1.50,1.28
2011.08.29 12:14:40.308,1.71543,1.71596,1.50,2.03
2011.08.29 12:14:40.426,1.71548,1.71604,1.88,1.28
2011.08.29 12:14:41.392,1.71547,1.71603,1.35,1.28
2011.08.29 12:14:41.985,1.71549,1.71605,1.28,1.28
2011.08.29 12:14:42.105,1.71547,1.71595,1.35,2.03
2011.08.29 12:14:42.228,1.71547,1.71604,1.35,2.78
2011.08.29 12:14:42.533,1.71547,1.71604,1.35,2.78
2011.08.29 12:14:43.267,1.71545,1.71603,2.63,1.50
2011.08.29 12:14:43.608,1.7154,1.71596,1.88,1.28
2011.08.29 12:14:44.637,1.7154,1.71596,2.03,1.28
2011.08.29 12:14:44.907,1.7154,1.71594,2.03,1.28
2011.08.29 12:14:45.089,1.7154,1.71594,1.28,1.28
2011.08.29 12:14:45.212,1.7154,1.71594,2.03,1.28
2011.08.29 12:14:45.326,1.7154,1.71594,1.28,1.28
2011.08.29 12:14:45.555,1.71537,1.71594,2.63,1.28
2011.08.29 12:14:45.788,1.71538,1.71594,1.50,1.28
2011.08.29 12:14:46.125,1.71537,1.71594,3.38,1.28
2011.08.29 12:14:47.215,1.71538,1.71593,2.03,1.28
2011.08.29 12:14:47.779,1.71529,1.71583,1.28,1.28
2011.08.29 12:14:48.010,1.71527,1.71583,1.50,1.28
2011.08.29 12:14:48.128,1.71527,1.71581,1.28,1.28
2011.08.29 12:14:48.656,1.71525,1.71576,1.35,1.50
2011.08.29 12:14:48.780,1.71525,1.71576,1.35,1.50
2011.08.29 12:14:49.140,1.71518,1.71566,2.25,1.28
2011.08.29 12:14:49.256,1.71518,1.71569,2.25,1.28
2011.08.29 12:14:49.377,1.71525,1.71579,1.28,2.40
2011.08.29 12:14:49.499,1.71519,1.71573,1.50,2.10
2011.08.29 12:14:49.839,1.71507,1.71573,1.88,1.50
2011.08.29 12:14:50.276,1.71515,1.71567,1.28,1.28
2011.08.29 12:14:50.656,1.71515,1.71569,1.28,1.28
2011.08.29 12:14:51.051,1.71523,1.71575,1.28,1.28
2011.08.29 12:14:51.388,1.71516,1.71569,1.50,1.28
2011.08.29 12:14:51.728,1.71518,1.71568,1.50,1.28
2011.08.29 12:14:51.845,1.71514,1.71568,2.03,1.28
2011.08.29 12:14:51.966,1.71514,1.71566,2.03,1.28
2011.08.29 12:14:53.577,1.71514,1.71566,1.28,1.28
2011.08.29 12:14:53.695,1.71514,1.71566,2.03,1.28
2011.08.29 12:14:54.408,1.71508,1.71565,1.35,1.50
2011.08.29 12:14:54.527,1.71506,1.71565,1.35,1.50
2011.08.29 12:14:54.757,1.71508,1.71568,2.10,1.50
2011.08.29 12:14:54.876,1.71509,1.71568,1.50,1.50
2011.08.29 12:14:54.998,1.71508,1.71568,2.10,1.50
2011.08.29 12:14:55.227,1.71509,1.71568,1.50,1.50
2011.08.29 12:14:55.622,1.71523,1.71575,1.28,1.28
2011.08.29 12:14:56.068,1.71523,1.71575,1.28,1.88
2011.08.29 12:14:56.295,1.7151,1.71569,2.10,1.50
2011.08.29 12:14:56.406,1.71513,1.71572,1.50,1.50
2011.08.29 12:14:56.640,1.71517,1.71577,1.50,1.50
2011.08.29 12:14:57.307,1.71515,1.71575,1.50,1.35
2011.08.29 12:14:57.947,1.71513,1.71572,1.50,1.50
2011.08.29 12:14:58.475,1.71518,1.7157,2.03,1.28
2011.08.29 12:14:58.597,1.71522,1.71576,2.03,1.28
2011.08.29 12:15:00.616,1.71519,1.71574,1.50,1.28
2011.08.29 12:15:01.317,1.71517,1.71572,2.03,1.50
2011.08.29 12:15:01.435,1.71517,1.71574,2.78,1.28
2011.08.29 12:15:01.986,1.71522,1.71575,1.50,1.28
2011.08.29 12:15:02.105,1.71522,1.71577,1.50,1.28
2011.08.29 12:15:02.575,1.71518,1.71576,1.50,1.50
2011.08.29 12:15:02.695,1.71517,1.71576,2.03,1.50
2011.08.29 12:15:02.817,1.71518,1.71564,1.50,1.28
2011.08.29 12:15:02.939,1.71522,1.71576,1.35,1.28
2011.08.29 12:15:03.057,1.71526,1.71576,1.50,1.28
2011.08.29 12:15:03.178,1.71527,1.71579,1.28,1.28
2011.08.29 12:15:03.522,1.71529,1.71585,1.28,1.50
2011.08.29 12:15:03.849,1.71527,1.71579,1.28,1.28
2011.08.29 12:15:03.969,1.71529,1.71585,1.28,1.50
2011.08.29 12:15:04.087,1.7153,1.71589,2.03,1.28
2011.08.29 12:15:04.317,1.71528,1.7158,1.50,1.28
2011.08.29 12:15:04.658,1.71535,1.71587,1.28,2.03
2011.08.29 12:15:05.338,1.71534,1.71586,2.03,1.28
2011.08.29 12:15:06.027,1.71535,1.71591,1.28,2.03
2011.08.29 12:15:06.407,1.71537,1.71592,1.28,2.78
2011.08.29 12:15:06.923,1.71537,1.71592,2.03,2.03
2011.08.29 12:15:07.040,1.71543,1.71596,1.50,1.28
2011.08.29 12:15:07.160,1.71545,1.71601,2.03,1.28
2011.08.29 12:15:07.987,1.71548,1.71602,1.28,1.28
2011.08.29 12:15:08.425,1.71545,1.71601,2.03,1.28
2011.08.29 12:15:08.771,1.71537,1.71592,1.65,1.28
2011.08.29 12:15:09.228,1.71541,1.71596,1.28,1.50
2011.08.29 12:15:09.566,1.71541,1.71598,2.03,2.03
2011.08.29 12:15:10.125,1.71543,1.71597,1.28,1.28
2011.08.29 12:15:10.247,1.71545,1.71599,1.28,2.03
2011.08.29 12:15:10.586,1.7154,1.71594,2.78,1.28
2011.08.29 12:15:10.818,1.71535,1.71591,1.88,2.03
2011.08.29 12:15:12.407,1.71535,1.71591,1.88,2.03
2011.08.29 12:15:13.406,1.71535,1.71591,1.28,2.03
2011.08.29 12:15:14.278,1.71535,1.71591,1.28,2.78
2011.08.29 12:15:14.507,1.71522,1.7158,1.35,1.50
2011.08.29 12:15:14.759,1.71522,1.7158,1.35,1.50
2011.08.29 12:15:16.609,1.71524,1.71584,1.50,1.50
2011.08.29 12:15:16.929,1.71523,1.71584,1.35,1.50
2011.08.29 12:15:17.596,1.71522,1.7158,1.35,1.50
2011.08.29 12:15:19.208,1.71519,1.71576,1.88,1.50
2011.08.29 12:15:19.333,1.7152,1.71579,2.03,1.50
2011.08.29 12:15:19.450,1.71519,1.71581,2.78,1.50
2011.08.29 12:15:19.569,1.71519,1.71576,1.28,1.50
2011.08.29 12:15:20.126,1.71518,1.71576,2.63,1.50
2011.08.29 12:15:27.726,1.71519,1.71576,1.28,1.50
2011.08.29 12:15:28.816,1.71518,1.71576,2.63,1.50
2011.08.29 12:15:29.999,1.71518,1.71576,3.38,1.50
2011.08.29 12:15:30.448,1.71519,1.7158,2.03,1.50
2011.08.29 12:15:30.565,1.7152,1.7158,1.50,1.50
2011.08.29 12:15:31.127,1.71522,1.7158,1.50,1.50
2011.08.29 12:15:33.116,1.71518,1.71576,2.63,1.50
2011.08.29 12:15:34.169,1.71518,1.71576,3.38,1.50
2011.08.29 12:15:34.396,1.71523,1.7158,2.03,1.50
2011.08.29 12:15:36.087,1.71525,1.71585,1.50,1.50
2011.08.29 12:15:36.530,1.71521,1.71581,1.28,1.50
2011.08.29 12:15:36.647,1.71517,1.71581,2.63,1.50
2011.08.29 12:15:39.147,1.71518,1.71564,1.28,1.50
2011.08.29 12:15:39.270,1.71509,1.71564,1.50,1.50
2011.08.29 12:15:41.100,1.71513,1.71573,1.50,1.50
2011.08.29 12:15:43.568,1.71511,1.71573,2.78,1.50
2011.08.29 12:15:43.687,1.71511,1.71571,2.03,1.28
2011.08.29 12:15:44.045,1.71514,1.7157,1.50,1.50
2011.08.29 12:15:44.164,1.71514,1.71573,1.50,1.50
2011.08.29 12:15:49.425,1.71517,1.71573,1.28,1.50
2011.08.29 12:15:51.516,1.71514,1.71573,1.50,1.50
2011.08.29 12:15:51.637,1.71512,1.71573,2.03,1.50
2011.08.29 12:15:55.130,1.71511,1.71568,1.28,1.50
2011.08.29 12:15:55.246,1.71511,1.71565,1.28,1.50
2011.08.29 12:15:55.476,1.71505,1.71565,2.78,1.50
2011.08.29 12:15:56.455,1.71508,1.71565,1.28,1.50
2011.08.29 12:15:57.030,1.71507,1.71565,2.03,1.50
2011.08.29 12:15:59.596,1.71506,1.71562,1.50,1.50
2011.08.29 12:16:00.263,1.71506,1.71564,2.78,1.50
2011.08.29 12:16:05.109,1.71507,1.71564,1.50,1.50
2011.08.29 12:16:05.448,1.71544,1.71567,1.28,1.50
2011.08.29 12:16:05.675,1.71512,1.71567,1.65,2.25
2011.08.29 12:16:05.796,1.71513,1.71567,1.35,2.25
2011.08.29 12:16:06.136,1.71514,1.71567,1.28,2.25
2011.08.29 12:16:06.487,1.71507,1.71557,1.35,1.28
2011.08.29 12:16:07.766,1.71506,1.71559,1.35,2.40
2011.08.29 12:16:09.070,1.71506,1.71562,1.50,2.40
2011.08.29 12:16:09.627,1.71506,1.71559,2.25,1.65
2011.08.29 12:16:09.970,1.71505,1.71563,1.50,2.03
2011.08.29 12:16:10.087,1.71512,1.71566,1.50,1.50
2011.08.29 12:16:10.569,1.71515,1.71567,1.50,1.50
2011.08.29 12:16:12.063,1.71515,1.71566,1.50,1.50
2011.08.29 12:16:14.795,1.71517,1.71566,1.50,1.50
2011.08.29 12:16:15.137,1.7151,1.71566,1.50,1.50
2011.08.29 12:16:15.257,1.7151,1.71567,1.50,2.25
2011.08.29 12:16:15.488,1.71513,1.71572,1.50,1.50
2011.08.29 12:16:16.680,1.71512,1.71572,1.50,1.50
2011.08.29 12:16:21.897,1.71513,1.71572,1.50,1.50
2011.08.29 12:16:22.018,1.71516,1.71577,1.50,1.50
2011.08.29 12:16:24.366,1.71516,1.71579,1.50,1.50
2011.08.29 12:16:24.488,1.7152,1.7158,1.50,1.50
2011.08.29 12:16:24.827,1.71521,1.71577,1.28,1.50
2011.08.29 12:16:25.855,1.7152,1.71577,1.28,1.50
2011.08.29 12:16:27.094,1.71519,1.71577,1.28,1.50
2011.08.29 12:16:27.461,1.71519,1.71577,2.03,1.50
2011.08.29 12:16:28.288,1.71519,1.71577,1.28,1.50
2011.08.29 12:16:30.977,1.71515,1.71577,2.03,1.50
2011.08.29 12:16:32.465,1.71519,1.71577,1.28,1.50
2011.08.29 12:16:36.735,1.71511,1.71575,2.78,1.28
2011.08.29 12:16:37.737,1.71512,1.71568,2.03,1.50
2011.08.29 12:16:37.856,1.71512,1.71568,2.03,1.50
2011.08.29 12:16:40.430,1.71512,1.71564,1.28,1.50
2011.08.29 12:16:40.547,1.71508,1.71572,1.50,1.50
2011.08.29 12:16:51.678,1.7152,1.71578,1.13,1.50
2011.08.29 12:16:51.795,1.71524,1.71579,1.28,2.03
2011.08.29 12:16:52.776,1.71522,1.71578,2.03,2.03
2011.08.29 12:16:52.895,1.71522,1.71576,2.03,1.28
2011.08.29 12:16:54.609,1.71522,1.71576,2.03,1.88
2011.08.29 12:16:54.837,1.71514,1.71568,1.28,1.28
2011.08.29 12:16:58.847,1.71509,1.71565,2.03,1.28
2011.08.29 12:16:59.456,1.7151,1.71564,2.03,1.28
2011.08.29 12:17:01.368,1.71502,1.71556,2.03,1.28
2011.08.29 12:17:01.486,1.71502,1.71556,2.03,1.28
2011.08.29 12:17:01.606,1.71506,1.71561,1.28,1.50
2011.08.29 12:17:01.725,1.71507,1.71563,1.28,2.03
2011.08.29 12:17:05.497,1.71506,1.71563,1.28,2.03
2011.08.29 12:17:06.010,1.71505,1.71563,2.03,2.03
2011.08.29 12:17:06.926,1.71505,1.71562,2.03,1.28
2011.08.29 12:17:07.296,1.71504,1.7156,1.28,1.50
2011.08.29 12:17:07.635,1.71506,1.7156,1.28,1.50
2011.08.29 12:17:08.161,1.71505,1.7156,1.28,1.50
2011.08.29 12:17:09.557,1.71506,1.7156,1.28,1.50
2011.08.29 12:17:09.935,1.71508,1.71563,1.50,1.28
2011.08.29 12:17:10.056,1.71511,1.71566,1.28,1.28
2011.08.29 12:17:11.537,1.71513,1.71569,2.03,2.03
2011.08.29 12:17:11.879,1.71516,1.71572,1.28,2.03
2011.08.29 12:17:12.618,1.71522,1.71576,2.03,1.28
2011.08.29 12:17:12.957,1.71519,1.71569,1.50,1.28
2011.08.29 12:17:13.372,1.71522,1.71577,2.03,1.50
2011.08.29 12:17:15.575,1.71522,1.71576,2.03,1.50
2011.08.29 12:17:16.178,1.71522,1.71572,1.28,1.50
2011.08.29 12:17:16.296,1.71519,1.71576,1.28,2.03
2011.08.29 12:17:16.415,1.71519,1.71576,2.78,1.28
2011.08.29 12:17:19.070,1.71519,1.71577,2.78,1.28
2011.08.29 12:17:25.377,1.7152,1.71577,1.28,2.78
2011.08.29 12:17:26.266,1.7152,1.71577,2.78,1.28
2011.08.29 12:17:27.185,1.71523,1.71577,1.28,1.28
2011.08.29 12:17:32.358,1.71522,1.71576,2.03,1.28
2011.08.29 12:17:34.016,1.71522,1.71573,1.28,1.50
2011.08.29 12:17:34.245,1.71514,1.71568,1.28,1.28
2011.08.29 12:17:34.366,1.71514,1.7157,1.28,1.28
2011.08.29 12:17:34.570,1.71514,1.7157,2.03,1.28
2011.08.29 12:17:34.686,1.71516,1.71574,2.03,2.03
2011.08.29 12:17:34.807,1.71513,1.71569,2.03,1.28
2011.08.29 12:17:35.146,1.71517,1.71573,2.03,2.03
2011.08.29 12:17:35.555,1.71517,1.71573,1.28,2.03
2011.08.29 12:17:35.679,1.71517,1.71573,2.03,2.03
2011.08.29 12:17:35.798,1.71516,1.71568,1.50,1.28
2011.08.29 12:17:36.084,1.71521,1.71575,1.28,1.28
2011.08.29 12:17:37.375,1.71517,1.71574,1.50,1.28
2011.08.29 12:17:37.605,1.71517,1.71571,2.03,1.28
2011.08.29 12:17:37.768,1.71516,1.71574,2.78,1.28
2011.08.29 12:17:40.065,1.7152,1.71576,1.28,1.28
2011.08.29 12:17:41.447,1.71521,1.71577,1.28,1.28
2011.08.29 12:17:51.275,1.71521,1.71575,1.28,1.28
2011.08.29 12:18:00.025,1.71521,1.71577,1.28,1.28
2011.08.29 12:18:18.125,1.7152,1.71576,1.28,1.28
2011.08.29 12:18:23.854,1.71521,1.71577,1.28,1.28
2011.08.29 12:18:25.735,1.71523,1.71577,1.28,1.28
2011.08.29 12:18:26.090,1.71527,1.71581,1.28,1.28
2011.08.29 12:18:26.711,1.71529,1.71583,1.28,2.03
2011.08.29 12:18:26.828,1.71527,1.71583,1.28,2.03
2011.08.29 12:18:27.364,1.71523,1.71581,2.78,1.28
2011.08.29 12:18:28.985,1.71523,1.71581,1.28,2.78
2011.08.29 12:18:32.451,1.71523,1.71581,2.03,2.03
2011.08.29 12:18:32.571,1.71524,1.71582,2.78,1.28
2011.08.29 12:18:33.625,1.71528,1.71582,1.50,1.28
2011.08.29 12:18:33.747,1.71532,1.71586,1.28,1.28
2011.08.29 12:18:34.205,1.71532,1.71586,1.28,2.03
2011.08.29 12:18:34.326,1.71524,1.71583,2.78,2.03
2011.08.29 12:18:35.656,1.71529,1.71583,1.28,2.03
2011.08.29 12:18:36.473,1.71527,1.71583,1.28,2.03
2011.08.29 12:18:36.600,1.71531,1.71587,1.28,2.03
2011.08.29 12:18:38.886,1.71531,1.71587,2.78,1.28
2011.08.29 12:18:39.660,1.71535,1.71589,1.28,1.88
2011.08.29 12:18:40.657,1.71534,1.7159,1.28,1.88
2011.08.29 12:18:45.997,1.71536,1.71594,2.78,1.35
2011.08.29 12:18:47.378,1.71538,1.71594,1.13,1.35
2011.08.29 12:18:47.608,1.71539,1.71596,3.15,1.88
2011.08.29 12:18:48.128,1.71545,1.71597,2.03,1.50
2011.08.29 12:18:48.836,1.71545,1.71596,2.03,1.50
2011.08.29 12:18:49.176,1.71547,1.71602,1.28,1.50
2011.08.29 12:18:49.298,1.71544,1.71603,1.50,1.50
2011.08.29 12:18:49.416,1.71544,1.71596,1.50,1.50
2011.08.29 12:18:51.180,1.71547,1.71596,1.50,1.50
2011.08.29 12:18:51.735,1.7155,1.71597,2.03,1.50
2011.08.29 12:18:53.366,1.7155,1.71596,2.03,1.50
2011.08.29 12:18:54.018,1.71551,1.71596,1.28,1.50
2011.08.29 12:18:56.065,1.71551,1.71606,1.28,1.35
2011.08.29 12:18:56.186,1.71547,1.71603,1.65,2.03
2011.08.29 12:18:56.305,1.7155,1.71607,1.28,1.35
2011.08.29 12:18:56.427,1.7155,1.71609,2.40,2.03
2011.08.29 12:18:56.767,1.71555,1.71603,1.28,1.28
2011.08.29 12:18:57.107,1.71549,1.71594,1.28,1.35
2011.08.29 12:18:57.334,1.71534,1.71594,2.25,1.35
2011.08.29 12:18:58.709,1.71534,1.71597,2.85,1.50
2011.08.29 12:18:58.826,1.71534,1.71599,3.60,1.13
2011.08.29 12:18:59.150,1.71541,1.71599,2.03,1.13
2011.08.29 12:18:59.265,1.71541,1.71599,2.78,1.13
2011.08.29 12:18:59.837,1.71543,1.716,1.50,1.65
2011.08.29 12:19:03.049,1.71543,1.71599,1.50,1.13
2011.08.29 12:19:03.279,1.71542,1.71596,1.65,1.50
2011.08.29 12:19:03.671,1.71538,1.71592,1.13,1.28
2011.08.29 12:19:04.296,1.71538,1.71592,1.13,1.28
2011.08.29 12:19:05.088,1.71539,1.71593,1.65,1.28
2011.08.29 12:19:05.208,1.7154,1.71596,2.78,1.28
2011.08.29 12:19:05.896,1.71547,1.71599,1.28,1.13
2011.08.29 12:19:06.126,1.71547,1.71601,1.28,1.28
2011.08.29 12:19:08.876,1.71547,1.71603,1.28,2.63
2011.08.29 12:19:09.595,1.71547,1.71603,1.65,2.63
2011.08.29 12:19:21.035,1.71547,1.71603,1.65,2.63
2011.08.29 12:19:26.975,1.71547,1.71603,2.40,2.63
2011.08.29 12:19:28.010,1.71548,1.71603,1.65,1.35
2011.08.29 12:19:29.600,1.71548,1.71603,1.28,1.35
2011.08.29 12:19:30.019,1.71538,1.71584,1.50,2.03
2011.08.29 12:19:30.136,1.71534,1.71584,1.50,2.03
2011.08.29 12:19:30.686,1.71533,1.71584,1.50,2.03
2011.08.29 12:19:32.415,1.71533,1.71582,1.50,1.35
2011.08.29 12:19:34.877,1.71534,1.71582,1.50,1.35
2011.08.29 12:19:35.511,1.71533,1.71582,1.50,1.35
2011.08.29 12:19:36.168,1.71527,1.71582,2.25,1.35
2011.08.29 12:19:38.400,1.71529,1.71583,2.63,1.28
2011.08.29 12:19:38.516,1.71532,1.71591,1.88,3.60
2011.08.29 12:19:39.316,1.71529,1.71583,3.00,1.28
2011.08.29 12:19:40.466,1.71529,1.71583,2.03,1.88
2011.08.29 12:19:41.027,1.71527,1.71581,2.25,1.88
2011.08.29 12:19:48.040,1.71523,1.71578,1.73,1.28
2011.08.29 12:19:48.376,1.71522,1.71578,2.25,1.65
2011.08.29 12:19:48.609,1.71518,1.71571,2.48,1.88
2011.08.29 12:19:54.506,1.7152,1.71573,1.35,2.25
2011.08.29 12:19:55.819,1.7152,1.71575,1.88,1.73
2011.08.29 12:19:56.577,1.7152,1.71573,1.35,2.25
2011.08.29 12:19:57.337,1.71522,1.71576,1.28,2.25
2011.08.29 12:20:00.001,1.71522,1.71574,1.88,1.73
2011.08.29 12:20:01.159,1.71523,1.71572,1.28,2.10
2011.08.29 12:20:01.277,1.71521,1.71568,1.13,1.88
2011.08.29 12:20:01.794,1.71514,1.71563,1.73,1.28
2011.08.29 12:20:01.908,1.71514,1.71568,3.00,1.28
2011.08.29 12:20:02.029,1.71517,1.71565,1.73,1.28
2011.08.29 12:20:02.369,1.71521,1.71564,1.28,1.35
2011.08.29 12:20:02.492,1.71508,1.71556,2.85,1.50
2011.08.29 12:20:02.831,1.71509,1.71545,1.50,1.50
2011.08.29 12:20:03.345,1.71509,1.71547,1.50,2.03
2011.08.29 12:20:03.482,1.71509,1.71543,1.50,1.35
2011.08.29 12:20:03.817,1.71487,1.71543,1.65,2.63
2011.08.29 12:20:04.257,1.71489,1.71543,1.13,2.63
2011.08.29 12:20:04.980,1.71489,1.71543,1.13,2.63
2011.08.29 12:20:05.259,1.71489,1.71543,1.13,1.88
2011.08.29 12:20:05.709,1.71491,1.71546,1.65,1.35
2011.08.29 12:20:06.429,1.71492,1.71547,1.88,1.88
2011.08.29 12:20:06.677,1.71489,1.71547,2.40,2.63
2011.08.29 12:20:07.507,1.71489,1.71547,2.40,2.63
2011.08.29 12:20:09.248,1.71489,1.71544,1.13,1.88
2011.08.29 12:20:16.317,1.71488,1.71542,1.65,1.35
2011.08.29 12:20:16.908,1.71491,1.71542,1.13,1.35
2011.08.29 12:20:23.015,1.71488,1.71542,1.65,2.63
2011.08.29 12:20:23.346,1.71486,1.71542,2.48,3.00
2011.08.29 12:20:25.009,1.71487,1.71542,1.13,3.00
2011.08.29 12:20:25.576,1.71489,1.71542,1.28,1.73
2011.08.29 12:20:26.441,1.71489,1.71542,1.65,1.73
2011.08.29 12:20:26.863,1.71491,1.71542,1.13,1.73
2011.08.29 12:20:28.557,1.71493,1.71548,1.35,2.03
2011.08.29 12:20:28.677,1.71495,1.71549,2.03,1.28
2011.08.29 12:20:29.440,1.71495,1.71548,1.13,1.28
2011.08.29 12:20:30.259,1.71493,1.71548,1.35,2.03
2011.08.29 12:20:30.599,1.7149,1.71546,1.13,1.35
2011.08.29 12:20:30.721,1.71493,1.71551,1.50,1.35
2011.08.29 12:20:36.731,1.71496,1.71545,1.13,1.88
2011.08.29 12:20:36.847,1.71496,1.71545,1.13,1.28
2011.08.29 12:20:37.640,1.71496,1.71547,1.13,1.35
2011.08.29 12:20:38.205,1.71491,1.71547,1.13,1.35
2011.08.29 12:20:46.378,1.7149,1.71547,1.28,2.63
2011.08.29 12:20:46.608,1.71488,1.71542,2.25,2.03
2011.08.29 12:20:47.031,1.71487,1.71541,1.13,1.88
2011.08.29 12:20:48.277,1.71486,1.71538,1.13,1.88
2011.08.29 12:20:52.823,1.71486,1.71538,1.50,1.88
2011.08.29 12:20:52.948,1.7149,1.7154,1.50,1.28
2011.08.29 12:20:53.059,1.7149,1.71546,1.50,2.03
2011.08.29 12:20:54.485,1.71494,1.71549,1.50,1.88
2011.08.29 12:20:54.720,1.71492,1.71543,2.03,1.35
2011.08.29 12:20:56.256,1.71496,1.71548,1.35,2.03
2011.08.29 12:20:57.446,1.71497,1.71548,1.35,1.28
2011.08.29 12:20:58.278,1.71497,1.71549,1.35,1.28
2011.08.29 12:20:58.800,1.715,1.71549,1.50,1.28
2011.08.29 12:20:59.297,1.71501,1.71554,1.50,1.88
2011.08.29 12:20:59.788,1.71505,1.71551,1.50,1.28
2011.08.29 12:21:01.008,1.71501,1.71554,1.50,1.88
2011.08.29 12:21:01.237,1.71504,1.71556,1.50,2.10
2011.08.29 12:21:01.797,1.71504,1.71557,1.50,2.48
2011.08.29 12:21:07.078,1.71505,1.71556,1.50,2.10
2011.08.29 12:21:07.560,1.715,1.71556,1.50,2.10
2011.08.29 12:21:08.630,1.715,1.71551,1.50,1.28
2011.08.29 12:21:09.921,1.71501,1.71551,1.50,1.28
2011.08.29 12:21:11.185,1.715,1.71551,1.50,1.28
2011.08.29 12:21:11.297,1.715,1.71559,1.50,1.88
2011.08.29 12:21:13.426,1.71501,1.71557,2.78,1.88
2011.08.29 12:21:15.247,1.71507,1.71557,2.25,1.88
2011.08.29 12:21:22.468,1.71503,1.7156,1.28,1.88
2011.08.29 12:21:22.587,1.71503,1.7156,2.03,1.88
2011.08.29 12:21:22.927,1.71502,1.71561,3.00,1.88
2011.08.29 12:21:23.049,1.71508,1.71563,1.50,1.88
2011.08.29 12:21:23.388,1.71512,1.7156,1.50,1.88
2011.08.29 12:21:24.096,1.71508,1.71561,1.50,1.88
2011.08.29 12:21:25.999,1.71504,1.71558,2.63,1.35
2011.08.29 12:21:27.495,1.71504,1.71557,1.35,1.28
2011.08.29 12:21:31.020,1.71507,1.71557,1.35,1.28
2011.08.29 12:21:31.706,1.71507,1.7156,1.35,2.03
2011.08.29 12:21:32.494,1.71507,1.71556,1.35,1.50
2011.08.29 12:21:32.805,1.71507,1.7156,1.35,2.03
2011.08.29 12:21:35.937,1.71507,1.71558,1.35,1.50
2011.08.29 12:21:36.059,1.71507,1.71557,1.35,1.50
2011.08.29 12:21:38.547,1.71507,1.71559,1.35,2.03
2011.08.29 12:21:41.229,1.71504,1.71559,1.13,1.35
2011.08.29 12:21:42.468,1.71509,1.71559,1.28,1.35
2011.08.29 12:21:42.817,1.71509,1.71563,1.28,1.28
2011.08.29 12:21:50.586,1.71513,1.71567,1.28,2.03
2011.08.29 12:21:50.705,1.71509,1.71563,1.65,1.28
2011.08.29 12:21:51.208,1.7151,1.71564,1.28,1.28
2011.08.29 12:21:53.145,1.71506,1.71562,1.50,1.28
2011.08.29 12:21:53.420,1.71506,1.7156,1.50,1.28
2011.08.29 12:21:54.349,1.71502,1.7156,1.50,2.78
2011.08.29 12:21:57.168,1.71502,1.71557,1.50,1.28
2011.08.29 12:21:58.440,1.71501,1.71552,2.40,1.35
2011.08.29 12:21:58.668,1.71497,1.7155,1.13,2.03
2011.08.29 12:21:59.006,1.71505,1.71559,1.28,1.28
2011.08.29 12:21:59.297,1.71506,1.71563,1.28,2.63
2011.08.29 12:21:59.420,1.71508,1.71563,1.28,2.25
2011.08.29 12:21:59.747,1.71507,1.71563,1.50,1.50
2011.08.29 12:22:00.077,1.7151,1.71563,1.50,1.50
2011.08.29 12:22:00.959,1.71507,1.71563,2.25,1.50
2011.08.29 12:22:01.127,1.71507,1.71563,1.50,2.25
2011.08.29 12:22:01.467,1.715,1.71555,1.13,2.03
2011.08.29 12:22:01.698,1.715,1.71555,1.13,2.03
2011.08.29 12:22:01.815,1.71507,1.71563,1.28,2.78
2011.08.29 12:22:02.243,1.71508,1.71563,1.28,1.50
2011.08.29 12:22:04.761,1.71508,1.71566,1.28,3.38
2011.08.29 12:22:04.986,1.71506,1.71563,2.03,1.88
2011.08.29 12:22:06.135,1.71505,1.71561,3.15,1.28
2011.08.29 12:22:06.585,1.71507,1.71562,1.28,1.88
2011.08.29 12:22:06.907,1.71507,1.71562,1.28,1.28
2011.08.29 12:22:07.777,1.71508,1.71564,1.28,1.28
2011.08.29 12:22:08.176,1.7151,1.71568,1.28,2.78
2011.08.29 12:22:10.012,1.7151,1.71568,2.03,2.03
2011.08.29 12:22:13.721,1.7151,1.71568,2.78,2.03
2011.08.29 12:22:14.327,1.7151,1.71564,2.03,1.28
2011.08.29 12:22:19.338,1.71505,1.71559,1.65,2.03
2011.08.29 12:22:20.339,1.71505,1.71559,1.28,2.03
2011.08.29 12:22:21.076,1.71504,1.71558,1.65,1.28
2011.08.29 12:22:22.796,1.71504,1.71558,2.40,1.28
2011.08.29 12:22:23.026,1.71508,1.71564,1.28,2.03
2011.08.29 12:22:27.446,1.71507,1.71562,1.28,1.28
2011.08.29 12:22:30.644,1.71505,1.71565,1.88,1.50
2011.08.29 12:22:37.397,1.71504,1.71564,1.50,1.50
2011.08.29 12:22:43.165,1.71505,1.71564,1.50,1.50
2011.08.29 12:22:43.929,1.71506,1.71563,1.28,2.03
2011.08.29 12:22:44.049,1.71502,1.71556,1.28,1.28
2011.08.29 12:22:44.167,1.71506,1.71563,2.03,2.03
2011.08.29 12:22:44.627,1.71509,1.71563,1.28,2.03
2011.08.29 12:22:47.947,1.71509,1.71562,1.28,1.35
2011.08.29 12:22:48.285,1.71516,1.7157,1.28,2.40
2011.08.29 12:22:48.396,1.71516,1.7157,1.28,1.65
2011.08.29 12:22:48.998,1.71517,1.7157,1.28,1.65
2011.08.29 12:22:50.357,1.71519,1.71571,1.28,1.88
2011.08.29 12:22:54.554,1.71519,1.71572,1.28,1.88
2011.08.29 12:22:55.268,1.71519,1.71572,1.28,2.48
2011.08.29 12:22:57.247,1.71519,1.71572,1.28,1.50
2011.08.29 12:22:57.478,1.71519,1.71571,1.28,2.10
2011.08.29 12:22:57.597,1.71519,1.71571,1.28,1.50
2011.08.29 12:22:58.610,1.7152,1.71571,1.28,2.10
2011.08.29 12:22:59.228,1.7152,1.71571,1.28,1.50
2011.08.29 12:23:01.104,1.7152,1.71571,1.28,2.10
2011.08.29 12:23:01.326,1.7151,1.71563,2.40,1.28
2011.08.29 12:23:01.819,1.7151,1.71563,2.03,1.28
2011.08.29 12:23:02.749,1.71515,1.71564,2.40,2.10
2011.08.29 12:23:03.089,1.71521,1.71572,1.65,1.50
2011.08.29 12:23:03.539,1.71521,1.71572,1.65,2.10
2011.08.29 12:23:03.658,1.71525,1.71572,1.28,1.50
2011.08.29 12:23:03.888,1.71525,1.71572,2.03,1.50
2011.08.29 12:23:04.507,1.71533,1.71572,1.13,1.50
2011.08.29 12:23:05.176,1.7153,1.71571,1.13,1.50
2011.08.29 12:23:06.247,1.7153,1.71572,2.40,1.50
2011.08.29 12:23:07.550,1.71534,1.71572,1.88,1.50
2011.08.29 12:23:07.887,1.71538,1.71572,2.03,1.50
2011.08.29 12:23:08.697,1.71538,1.71571,2.03,1.50
2011.08.29 12:23:09.748,1.71538,1.71571,2.40,1.50
2011.08.29 12:23:10.672,1.71544,1.71571,1.28,1.50
2011.08.29 12:23:11.671,1.71544,1.71572,1.28,1.50
2011.08.29 12:23:13.882,1.71546,1.71572,1.28,1.50
2011.08.29 12:23:14.108,1.71546,1.716,1.28,2.10
2011.08.29 12:23:14.232,1.71548,1.716,1.50,2.10
2011.08.29 12:23:14.460,1.71545,1.716,1.65,3.38
2011.08.29 12:23:16.114,1.71545,1.716,1.65,3.38
2011.08.29 12:23:18.796,1.71545,1.71593,1.65,2.10
2011.08.29 12:23:20.073,1.71545,1.716,1.65,1.28
2011.08.29 12:23:20.957,1.71544,1.71599,1.65,1.28
2011.08.29 12:23:22.357,1.71544,1.7159,1.65,2.10
2011.08.29 12:23:22.477,1.71544,1.71595,1.65,1.50
2011.08.29 12:23:22.599,1.71533,1.71581,2.25,1.28
2011.08.29 12:23:23.818,1.71534,1.71581,1.50,1.28
2011.08.29 12:23:23.936,1.71534,1.71578,1.50,1.28
2011.08.29 12:23:25.737,1.71523,1.71578,1.28,2.03
2011.08.29 12:23:27.826,1.71524,1.71578,1.50,1.28
2011.08.29 12:23:27.948,1.71525,1.71582,2.03,1.28
2011.08.29 12:23:28.067,1.71531,1.71584,1.28,1.28
2011.08.29 12:23:28.297,1.71533,1.71588,2.03,1.50
2011.08.29 12:23:35.931,1.71533,1.71586,2.03,1.28
2011.08.29 12:23:36.519,1.71533,1.71586,1.28,1.28
2011.08.29 12:23:37.048,1.71534,1.71588,2.03,2.78
2011.08.29 12:23:39.440,1.71534,1.71588,2.78,2.78
2011.08.29 12:23:40.288,1.71538,1.71588,1.28,1.50
2011.08.29 12:23:40.408,1.7154,1.71598,1.28,2.03
2011.08.29 12:23:40.526,1.7154,1.71598,2.03,1.28
2011.08.29 12:23:40.869,1.71546,1.71599,1.28,2.03
2011.08.29 12:23:41.305,1.71546,1.71602,2.03,2.25
2011.08.29 12:23:41.419,1.71548,1.71601,1.50,1.50
2011.08.29 12:23:42.664,1.71548,1.71602,1.50,1.50
2011.08.29 12:23:42.783,1.71545,1.716,1.28,1.28
2011.08.29 12:23:43.160,1.71545,1.716,1.28,2.03
2011.08.29 12:23:43.387,1.71539,1.71599,1.28,2.03
2011.08.29 12:23:43.938,1.71539,1.71597,2.03,1.28
2011.08.29 12:23:44.276,1.71549,1.71601,2.03,1.50
2011.08.29 12:23:46.206,1.71548,1.71605,2.78,1.28
2011.08.29 12:23:46.741,1.71548,1.71601,2.78,2.10
2011.08.29 12:23:46.860,1.71539,1.71593,3.15,1.88
2011.08.29 12:23:46.978,1.71539,1.71593,3.15,1.28
2011.08.29 12:23:47.337,1.71539,1.71593,2.78,1.28
2011.08.29 12:23:47.456,1.7154,1.71599,2.03,2.03
2011.08.29 12:23:49.788,1.71542,1.71601,2.78,2.03
2011.08.29 12:23:49.910,1.71543,1.71601,2.78,1.28
2011.08.29 12:23:50.248,1.71552,1.71602,1.28,1.13
2011.08.29 12:23:50.367,1.71552,1.71602,1.28,1.13
2011.08.29 12:23:50.486,1.71546,1.71602,2.03,2.40
2011.08.29 12:23:51.245,1.71548,1.71602,1.28,1.13
2011.08.29 12:23:59.158,1.71545,1.71601,2.03,1.28
2011.08.29 12:23:59.391,1.71548,1.71604,1.28,1.50
2011.08.29 12:23:59.507,1.71548,1.71606,2.78,2.03
2011.08.29 12:24:00.067,1.71556,1.71608,1.28,2.48
2011.08.29 12:24:00.407,1.71552,1.71606,1.50,1.28
2011.08.29 12:24:00.776,1.71551,1.71606,1.28,2.03
2011.08.29 12:24:02.293,1.71547,1.71601,1.28,1.28
2011.08.29 12:24:02.408,1.71545,1.716,2.03,1.28
2011.08.29 12:24:03.547,1.71545,1.716,1.28,2.03
2011.08.29 12:24:03.667,1.71542,1.71597,2.03,1.28
2011.08.29 12:24:04.266,1.71544,1.71598,1.50,1.28
2011.08.29 12:24:04.389,1.71538,1.71593,1.28,1.28
2011.08.29 12:24:04.505,1.71541,1.71596,1.28,2.78
2011.08.29 12:24:05.065,1.71541,1.71596,2.03,1.28
2011.08.29 12:24:05.680,1.71543,1.71596,1.28,1.28
2011.08.29 12:24:06.020,1.71542,1.71598,2.03,2.03
2011.08.29 12:24:07.089,1.71544,1.71599,1.28,2.03
2011.08.29 12:24:09.977,1.71544,1.71599,2.03,1.28
2011.08.29 12:24:10.097,1.71545,1.71601,2.03,1.28
2011.08.29 12:24:10.215,1.71549,1.71602,1.28,3.15
2011.08.29 12:24:11.299,1.71551,1.71607,1.28,2.25
2011.08.29 12:24:11.417,1.71547,1.71602,1.50,1.28
2011.08.29 12:24:11.537,1.71546,1.71602,2.03,2.03
2011.08.29 12:24:11.657,1.71546,1.71602,2.03,1.28
2011.08.29 12:24:11.776,1.7155,1.71605,1.28,2.03
2011.08.29 12:24:12.118,1.71546,1.71604,2.03,2.25
2011.08.29 12:24:13.018,1.71544,1.71601,2.78,1.28
2011.08.29 12:24:15.236,1.71545,1.71603,2.03,2.03
2011.08.29 12:24:17.106,1.71548,1.71606,1.50,1.13
2011.08.29 12:24:18.446,1.71548,1.71606,1.50,1.88
2011.08.29 12:24:18.675,1.71548,1.71606,1.50,1.13
2011.08.29 12:24:20.437,1.71546,1.71605,2.03,1.50
2011.08.29 12:24:20.559,1.71546,1.71603,1.28,1.50
2011.08.29 12:24:20.679,1.71545,1.716,1.28,1.28
2011.08.29 12:24:21.550,1.71544,1.71599,1.28,1.28
2011.08.29 12:24:25.361,1.71544,1.71593,1.28,1.50
2011.08.29 12:24:25.481,1.71534,1.71588,1.28,1.28
2011.08.29 12:24:25.597,1.71535,1.71588,1.50,1.28
2011.08.29 12:24:26.177,1.71536,1.71587,1.50,1.28
2011.08.29 12:24:26.298,1.71534,1.71593,1.28,1.50
2011.08.29 12:24:26.525,1.71535,1.71595,1.50,2.03
2011.08.29 12:24:26.635,1.71535,1.71592,1.50,1.28
2011.08.29 12:24:26.855,1.71534,1.71591,2.03,2.03
2011.08.29 12:24:27.257,1.71534,1.71592,2.78,2.03
2011.08.29 12:24:28.598,1.71536,1.71592,1.50,1.28
2011.08.29 12:24:28.717,1.71537,1.71597,2.03,2.78
2011.08.29 12:24:31.938,1.71539,1.71595,1.50,1.28
2011.08.29 12:24:32.056,1.71542,1.71597,2.03,1.28
2011.08.29 12:24:32.585,1.71538,1.71591,1.28,1.28
2011.08.29 12:24:36.864,1.71533,1.71589,3.15,1.28
2011.08.29 12:24:37.196,1.71538,1.71591,1.28,1.88
2011.08.29 12:24:37.916,1.71533,1.71589,3.15,1.28
2011.08.29 12:24:38.147,1.71537,1.71592,1.28,1.28
2011.08.29 12:24:38.265,1.71543,1.71596,1.28,2.03
2011.08.29 12:24:39.128,1.71543,1.71596,1.28,1.28
2011.08.29 12:24:43.268,1.71543,1.71596,1.28,2.03
2011.08.29 12:24:43.609,1.71532,1.71587,1.65,2.03
2011.08.29 12:24:44.246,1.71532,1.71587,3.15,1.28
2011.08.29 12:24:44.667,1.71533,1.71589,2.03,1.28
2011.08.29 12:24:46.711,1.71533,1.71586,2.03,1.28
2011.08.29 12:24:46.935,1.71534,1.71588,1.28,1.28
2011.08.29 12:24:50.587,1.71534,1.71588,1.28,1.88
2011.08.29 12:24:50.914,1.71539,1.71592,1.28,1.50
2011.08.29 12:24:51.031,1.71534,1.71588,2.03,1.28
2011.08.29 12:24:51.147,1.71534,1.71588,1.28,1.28
2011.08.29 12:24:51.328,1.71534,1.7159,1.28,2.03
2011.08.29 12:24:57.956,1.71534,1.7159,2.03,2.03
2011.08.29 12:24:58.219,1.71534,1.7159,1.28,2.03
2011.08.29 12:24:59.166,1.71535,1.7159,1.28,2.03
2011.08.29 12:24:59.768,1.71535,1.7159,2.03,2.03
2011.08.29 12:25:00.349,1.71535,1.7159,1.28,2.03
2011.08.29 12:25:00.748,1.71534,1.7159,2.03,2.03
2011.08.29 12:25:01.535,1.71534,1.7159,1.28,2.03
2011.08.29 12:25:04.155,1.71532,1.7159,1.28,2.03
2011.08.29 12:25:04.457,1.71532,1.7159,2.03,2.03
2011.08.29 12:25:06.746,1.71532,1.7159,2.03,2.03
2011.08.29 12:25:06.979,1.71537,1.71593,1.50,1.28
2011.08.29 12:25:07.099,1.71537,1.71593,1.50,2.63
2011.08.29 12:25:07.217,1.71536,1.71593,2.03,2.78
2011.08.29 12:25:07.446,1.71537,1.71592,2.03,2.03
2011.08.29 12:25:07.568,1.71539,1.71596,1.28,2.78
2011.08.29 12:25:07.688,1.71537,1.71596,2.78,1.50
2011.08.29 12:25:08.427,1.71537,1.71599,3.53,2.40
2011.08.29 12:25:08.552,1.7154,1.71599,2.78,2.40
2011.08.29 12:25:08.957,1.7154,1.71593,1.50,1.28
2011.08.29 12:25:09.077,1.71538,1.71593,1.28,1.28
2011.08.29 12:25:09.308,1.71537,1.71599,2.03,1.13
2011.08.29 12:25:09.541,1.71537,1.71599,1.28,1.13
2011.08.29 12:25:09.660,1.71536,1.71591,2.03,1.28
2011.08.29 12:25:11.911,1.71536,1.71591,1.28,2.03
2011.08.29 12:25:13.458,1.71536,1.71591,2.03,2.03
2011.08.29 12:25:13.858,1.71536,1.71591,2.03,2.03
2011.08.29 12:25:14.450,1.71537,1.71591,1.50,1.28
2011.08.29 12:25:14.566,1.71536,1.71596,1.50,1.50
2011.08.29 12:25:15.538,1.71538,1.71599,1.50,1.13
2011.08.29 12:25:15.657,1.7154,1.71599,1.50,1.13
2011.08.29 12:25:19.948,1.71539,1.71599,2.03,1.13
2011.08.29 12:25:20.639,1.7154,1.71599,2.78,1.13
2011.08.29 12:25:32.058,1.7154,1.71592,1.28,1.50
2011.08.29 12:25:32.178,1.7154,1.71599,2.78,1.13
2011.08.29 12:25:32.296,1.71545,1.71599,1.28,1.13
2011.08.29 12:25:33.493,1.7154,1.71599,1.50,1.13
2011.08.29 12:25:44.691,1.7154,1.71597,1.28,1.50
2011.08.29 12:25:44.807,1.71536,1.71593,1.28,1.28
2011.08.29 12:25:46.667,1.71542,1.71596,1.28,2.25
2011.08.29 12:25:46.786,1.71539,1.71594,1.28,2.03
2011.08.29 12:25:47.967,1.71539,1.71594,2.03,2.03
2011.08.29 12:25:48.988,1.71542,1.71597,2.78,3.15
2011.08.29 12:25:50.236,1.71542,1.71596,2.78,1.50
2011.08.29 12:25:50.467,1.71542,1.71596,2.03,1.50
2011.08.29 12:25:50.697,1.71542,1.71597,1.50,1.88
2011.08.29 12:25:52.185,1.71544,1.71596,1.50,1.50
2011.08.29 12:25:52.768,1.71543,1.71597,1.28,1.88
2011.08.29 12:25:53.336,1.7154,1.71596,2.78,1.50
2011.08.29 12:25:55.803,1.7154,1.71596,2.03,2.25
2011.08.29 12:25:56.392,1.7154,1.71596,2.78,1.50
2011.08.29 12:25:56.507,1.7154,1.71599,2.78,2.03
2011.08.29 12:25:58.887,1.71542,1.71598,1.28,1.28
2011.08.29 12:26:03.102,1.71543,1.716,1.28,2.78
2011.08.29 12:26:07.029,1.71543,1.71593,1.28,1.50
2011.08.29 12:26:07.148,1.71543,1.71598,1.28,1.50
2011.08.29 12:26:07.402,1.71544,1.71599,1.28,2.03
2011.08.29 12:26:07.715,1.71541,1.71597,2.03,1.28
2011.08.29 12:26:07.889,1.71541,1.71597,1.28,2.03
2011.08.29 12:26:08.590,1.71542,1.71589,1.28,1.28
2011.08.29 12:26:08.710,1.71528,1.7158,1.28,2.03
2011.08.29 12:26:08.827,1.71523,1.7158,2.25,2.78
2011.08.29 12:26:09.705,1.71527,1.71581,1.28,1.50
2011.08.29 12:26:09.926,1.71526,1.71582,2.03,2.03
2011.08.29 12:26:10.156,1.71529,1.71588,1.28,2.78
2011.08.29 12:26:10.275,1.71529,1.71588,2.03,2.78
2011.08.29 12:26:13.137,1.7153,1.71588,1.28,1.50
2011.08.29 12:26:13.617,1.7153,1.71587,1.28,1.50
2011.08.29 12:26:13.957,1.71529,1.71584,1.28,2.03
2011.08.29 12:26:15.097,1.71527,1.71581,1.28,1.28
2011.08.29 12:26:15.216,1.71528,1.71585,1.28,2.78
2011.08.29 12:26:18.334,1.71528,1.71585,2.03,2.78
2011.08.29 12:26:18.556,1.71528,1.71585,2.78,1.28
2011.08.29 12:26:18.678,1.71529,1.71585,1.88,1.28
2011.08.29 12:26:18.799,1.71531,1.7159,2.78,1.28
2011.08.29 12:26:19.354,1.71531,1.71593,2.78,2.78
2011.08.29 12:26:21.366,1.71535,1.71593,1.50,1.28
2011.08.29 12:26:22.049,1.71535,1.71592,1.50,1.28
2011.08.29 12:26:23.847,1.71535,1.71593,1.50,1.28
2011.08.29 12:26:24.456,1.71532,1.71592,2.78,2.78
2011.08.29 12:26:27.448,1.71534,1.7159,1.50,2.03
2011.08.29 12:26:27.681,1.7153,1.71588,2.03,1.50
2011.08.29 12:26:29.896,1.71531,1.71588,2.03,1.50
2011.08.29 12:26:30.939,1.71531,1.71592,2.78,2.03
2011.08.29 12:26:31.868,1.71535,1.71592,1.50,1.28
2011.08.29 12:26:32.211,1.71542,1.71601,1.28,3.00
2011.08.29 12:26:32.332,1.71544,1.71597,1.28,1.50
2011.08.29 12:26:32.668,1.71544,1.71602,2.03,2.25
2011.08.29 12:26:35.239,1.71549,1.71602,1.13,1.50
2011.08.29 12:26:35.578,1.71554,1.71602,1.28,1.50
2011.08.29 12:26:35.919,1.71557,1.71601,2.03,1.50
2011.08.29 12:26:36.546,1.71557,1.71614,2.03,1.50
2011.08.29 12:26:39.666,1.71557,1.71614,2.03,1.50
2011.08.29 12:26:39.996,1.71558,1.71614,2.03,1.50
2011.08.29 12:26:40.528,1.71558,1.71614,2.03,1.50
2011.08.29 12:26:40.857,1.71558,1.71614,2.03,1.50
2011.08.29 12:26:41.643,1.71558,1.71614,2.03,1.50
2011.08.29 12:26:41.757,1.71558,1.71612,1.28,1.50
2011.08.29 12:26:41.987,1.71556,1.71612,1.28,1.50
2011.08.29 12:26:43.918,1.71556,1.71613,2.78,2.03
2011.08.29 12:26:44.146,1.71559,1.71615,1.28,1.50
2011.08.29 12:26:44.737,1.71559,1.71615,1.28,1.50
2011.08.29 12:26:45.088,1.7156,1.71616,1.50,2.03
2011.08.29 12:26:45.547,1.71566,1.71622,2.40,3.90
2011.08.29 12:26:45.674,1.71574,1.71621,1.28,1.50
2011.08.29 12:26:46.009,1.71568,1.71621,2.03,1.50
2011.08.29 12:26:46.459,1.71568,1.71626,2.03,1.50
2011.08.29 12:26:48.840,1.71576,1.71635,1.50,1.88
2011.08.29 12:26:51.867,1.71577,1.7163,2.03,1.50
2011.08.29 12:26:52.110,1.71575,1.7163,1.28,2.03
2011.08.29 12:26:52.227,1.71579,1.71635,1.28,1.88
2011.08.29 12:26:52.351,1.71576,1.71631,1.28,2.03
2011.08.29 12:26:52.970,1.71575,1.7163,1.28,1.28
2011.08.29 12:26:53.199,1.71582,1.71635,1.28,1.88
2011.08.29 12:26:54.269,1.71585,1.71635,1.28,1.13
2011.08.29 12:26:54.495,1.71579,1.71635,1.28,1.88
2011.08.29 12:26:57.647,1.71579,1.71635,2.78,2.03
2011.08.29 12:26:57.989,1.71583,1.71636,1.28,1.50
2011.08.29 12:26:58.412,1.71575,1.7163,1.28,1.28
2011.08.29 12:26:59.207,1.71573,1.71629,2.03,2.03
2011.08.29 12:26:59.550,1.71571,1.71626,1.28,1.35
2011.08.29 12:26:59.669,1.71571,1.71628,1.28,2.78
2011.08.29 12:27:00.216,1.71571,1.71626,1.28,1.35
2011.08.29 12:27:00.748,1.71571,1.71628,1.28,2.78
2011.08.29 12:27:00.867,1.71571,1.71626,1.28,1.50
2011.08.29 12:27:01.518,1.71569,1.7162,1.50,1.50
2011.08.29 12:27:01.647,1.71568,1.7162,1.50,1.28
2011.08.29 12:27:01.767,1.71568,1.71623,1.50,1.50
2011.08.29 12:27:05.194,1.71568,1.71614,1.50,1.28
2011.08.29 12:27:05.529,1.71568,1.71611,1.50,1.28
2011.08.29 12:27:06.498,1.71561,1.71612,1.28,1.28
2011.08.29 12:27:06.621,1.71571,1.71622,1.28,2.03
2011.08.29 12:27:06.848,1.71566,1.71617,2.03,1.28
2011.08.29 12:27:06.969,1.71573,1.71624,1.28,2.40
2011.08.29 12:27:07.087,1.71568,1.71621,1.50,1.28
2011.08.29 12:27:08.227,1.71566,1.71621,2.03,2.03
2011.08.29 12:27:08.474,1.71566,1.71621,2.03,1.28
2011.08.29 12:27:08.591,1.71558,1.71611,1.50,1.28
2011.08.29 12:27:08.710,1.71557,1.71611,2.03,1.28
2011.08.29 12:27:11.746,1.7156,1.7161,1.28,1.28
2011.08.29 12:27:11.866,1.7156,1.71613,1.28,1.28
2011.08.29 12:27:14.575,1.71561,1.71613,1.28,1.28
2011.08.29 12:27:16.126,1.71558,1.71609,2.03,1.28
2011.08.29 12:27:16.236,1.7156,1.71614,1.28,2.03
2011.08.29 12:27:16.460,1.71562,1.71613,2.03,1.28
2011.08.29 12:27:16.745,1.71563,1.71614,1.28,1.28
2011.08.29 12:27:21.000,1.71565,1.71614,1.88,1.28
2011.08.29 12:27:21.120,1.71568,1.71618,1.50,1.28
2011.08.29 12:27:21.237,1.71571,1.71623,1.28,2.03
2011.08.29 12:27:21.358,1.71569,1.71622,2.03,1.28
2011.08.29 12:27:25.017,1.71568,1.71622,2.03,2.03
2011.08.29 12:27:25.248,1.71562,1.71616,2.03,1.28
2011.08.29 12:27:25.662,1.71563,1.71614,1.28,1.28
2011.08.29 12:27:26.458,1.71563,1.71616,1.28,1.28
2011.08.29 12:27:29.879,1.71556,1.71609,2.03,1.88
2011.08.29 12:27:29.997,1.71556,1.71609,1.28,1.28
2011.08.29 12:27:30.229,1.71553,1.71603,2.63,1.88
2011.08.29 12:27:30.348,1.71553,1.71604,2.25,1.28
2011.08.29 12:27:31.152,1.71554,1.71604,1.50,1.28
2011.08.29 12:27:31.380,1.71553,1.71606,1.50,1.35
2011.08.29 12:27:31.498,1.71553,1.71612,2.25,2.03
2011.08.29 12:27:32.991,1.71554,1.71612,1.50,3.53
2011.08.29 12:27:33.409,1.71553,1.71603,1.50,1.28
2011.08.29 12:27:34.176,1.71554,1.71603,1.50,1.28
2011.08.29 12:27:35.594,1.71553,1.71604,1.50,1.28
2011.08.29 12:27:35.817,1.7155,1.71604,2.03,1.28
2011.08.29 12:27:35.937,1.71547,1.71609,2.85,2.10
2011.08.29 12:27:36.981,1.71547,1.71609,2.10,1.35
2011.08.29 12:27:38.316,1.71549,1.71609,1.50,1.35
2011.08.29 12:27:38.425,1.71547,1.71609,3.23,2.10
2011.08.29 12:27:39.886,1.7155,1.71601,2.03,1.28
2011.08.29 12:27:40.110,1.71548,1.71599,2.03,1.28
2011.08.29 12:27:40.230,1.71546,1.71594,2.10,1.28
2011.08.29 12:27:40.570,1.71543,1.7159,1.50,1.28
2011.08.29 12:27:41.738,1.71544,1.7159,2.85,1.28
2011.08.29 12:27:41.859,1.71559,1.71609,1.28,1.65
2011.08.29 12:27:42.088,1.71559,1.71612,1.28,1.28
2011.08.29 12:27:42.211,1.71559,1.71612,2.03,1.28
2011.08.29 12:27:42.329,1.7156,1.71615,1.50,1.50
2011.08.29 12:27:46.019,1.71559,1.71614,1.28,2.10
2011.08.29 12:27:46.249,1.7156,1.71611,1.28,1.28
2011.08.29 12:27:46.860,1.7156,1.71612,2.03,1.28
2011.08.29 12:27:47.197,1.7159,1.71627,1.28,2.25
2011.08.29 12:27:47.320,1.71579,1.71623,1.88,1.28
2011.08.29 12:27:47.583,1.71578,1.71623,1.50,1.28
2011.08.29 12:27:47.808,1.71578,1.71621,1.50,1.28
2011.08.29 12:27:48.397,1.71579,1.71621,1.50,1.28
2011.08.29 12:27:49.379,1.71578,1.71621,1.50,1.28
2011.08.29 12:27:49.998,1.71579,1.71622,1.50,1.28
2011.08.29 12:27:50.548,1.71578,1.71622,1.50,1.28
2011.08.29 12:27:51.338,1.71579,1.71622,1.50,1.28
2011.08.29 12:27:51.597,1.71579,1.71625,1.50,1.28
2011.08.29 12:27:51.740,1.71579,1.71628,1.50,1.28
2011.08.29 12:27:52.615,1.71579,1.71629,1.50,1.28
2011.08.29 12:27:52.948,1.71581,1.71634,1.28,1.28
2011.08.29 12:27:53.069,1.71578,1.71634,1.50,2.03
2011.08.29 12:27:53.408,1.71578,1.71624,1.50,1.28
2011.08.29 12:27:54.230,1.71578,1.71623,1.50,1.28
2011.08.29 12:27:55.510,1.71578,1.71623,1.50,2.03
2011.08.29 12:27:56.187,1.71578,1.71628,1.50,1.50
2011.08.29 12:27:56.313,1.71578,1.71617,1.50,1.50
2011.08.29 12:27:56.538,1.71579,1.71621,1.50,1.50
2011.08.29 12:27:56.656,1.71562,1.71621,1.50,1.50
2011.08.29 12:27:56.766,1.71563,1.71624,1.50,1.35
2011.08.29 12:27:57.938,1.71568,1.71623,1.28,2.03
2011.08.29 12:27:58.276,1.71569,1.71624,2.03,1.28
2011.08.29 12:27:58.908,1.71571,1.71624,1.50,1.28
2011.08.29 12:27:59.029,1.71576,1.71633,2.03,1.28
2011.08.29 12:28:00.399,1.71576,1.71635,2.03,2.40
2011.08.29 12:28:03.165,1.71576,1.71632,2.03,1.28
2011.08.29 12:28:04.706,1.71576,1.71632,2.03,1.28
2011.08.29 12:28:05.315,1.71582,1.71633,1.28,1.28
2011.08.29 12:28:05.662,1.71587,1.7164,1.28,1.50
2011.08.29 12:28:06.278,1.71588,1.71643,1.50,1.28
2011.08.29 12:28:08.528,1.71588,1.71642,1.50,1.28
2011.08.29 12:28:08.757,1.71588,1.71642,1.50,1.28
2011.08.29 12:28:08.893,1.71592,1.71643,1.28,1.28
2011.08.29 12:28:14.155,1.71592,1.71643,1.28,2.03
2011.08.29 12:28:14.486,1.71588,1.71641,1.28,1.28
2011.08.29 12:28:17.806,1.71585,1.71638,2.03,1.28
2011.08.29 12:28:23.416,1.71587,1.71643,1.28,2.03
2011.08.29 12:28:24.130,1.71588,1.71648,1.50,1.50
2011.08.29 12:28:24.252,1.71584,1.71635,1.65,1.28
2011.08.29 12:28:24.733,1.71595,1.71645,1.28,1.50
2011.08.29 12:28:24.864,1.71595,1.71649,1.28,1.50
2011.08.29 12:28:24.978,1.71595,1.71653,1.65,1.50
2011.08.29 12:28:25.101,1.71599,1.71657,1.50,1.50
2011.08.29 12:28:25.441,1.71599,1.71657,1.50,2.10
2011.08.29 12:28:25.559,1.71594,1.71652,1.28,1.50
2011.08.29 12:28:26.837,1.71595,1.71652,1.28,1.50
2011.08.29 12:28:27.406,1.71596,1.71652,1.28,1.50
2011.08.29 12:28:28.799,1.71585,1.71645,2.03,1.50
2011.08.29 12:28:29.247,1.71587,1.71645,1.28,2.78
2011.08.29 12:28:30.789,1.71589,1.71645,1.28,1.50
2011.08.29 12:28:31.439,1.71589,1.71646,2.03,2.78
2011.08.29 12:28:31.959,1.71589,1.71646,2.03,2.03
2011.08.29 12:28:33.319,1.71589,1.71644,1.28,1.50
2011.08.29 12:28:33.437,1.71589,1.71646,2.03,2.78
2011.08.29 12:28:33.560,1.71587,1.71639,1.50,1.28
2011.08.29 12:28:33.676,1.71588,1.71645,2.03,1.28
2011.08.29 12:28:33.859,1.71588,1.71645,1.28,2.03
2011.08.29 12:28:34.567,1.7159,1.71645,1.28,2.78
2011.08.29 12:28:35.156,1.7159,1.71645,2.03,1.28
2011.08.29 12:28:37.775,1.7159,1.71646,2.03,2.03
2011.08.29 12:28:38.319,1.7159,1.71645,2.03,1.28
2011.08.29 12:28:39.527,1.7159,1.71645,1.28,2.03
2011.08.29 12:28:39.866,1.71588,1.71639,1.28,1.28
2011.08.29 12:28:41.589,1.71587,1.71639,1.28,1.28
2011.08.29 12:28:42.377,1.71584,1.71636,1.28,1.28
2011.08.29 12:28:43.551,1.71587,1.71639,1.28,1.28
2011.08.29 12:28:45.527,1.71587,1.7164,1.28,1.28
2011.08.29 12:28:47.026,1.71587,1.71632,1.28,1.50
2011.08.29 12:28:47.147,1.71577,1.7163,1.65,1.28
2011.08.29 12:28:47.268,1.71581,1.71637,1.28,1.50
2011.08.29 12:28:47.557,1.71581,1.71639,2.03,1.50
2011.08.29 12:28:47.683,1.7159,1.71648,1.13,2.03
2011.08.29 12:28:47.798,1.71591,1.71648,1.50,1.28
2011.08.29 12:28:47.916,1.71597,1.7165,1.28,1.28
2011.08.29 12:28:49.696,1.71596,1.7165,1.28,1.28
2011.08.29 12:28:50.319,1.71603,1.7165,1.50,1.28
2011.08.29 12:28:50.602,1.716,1.7165,1.50,1.28
2011.08.29 12:28:50.721,1.716,1.71655,1.50,1.28
2011.08.29 12:28:50.972,1.71598,1.71653,2.03,1.28
2011.08.29 12:28:51.208,1.71598,1.71653,1.28,2.03
2011.08.29 12:28:51.328,1.71596,1.71647,1.28,1.28
2011.08.29 12:28:52.348,1.71595,1.71646,1.28,1.28
2011.08.29 12:28:55.487,1.71596,1.71656,2.03,2.03
2011.08.29 12:28:55.919,1.71599,1.71655,1.28,2.03
2011.08.29 12:28:57.898,1.716,1.71655,1.28,2.03
2011.08.29 12:28:58.878,1.716,1.71655,2.03,1.28
2011.08.29 12:28:59.218,1.71604,1.71655,1.28,1.28
2011.08.29 12:28:59.447,1.71599,1.71656,1.50,1.28
2011.08.29 12:29:00.257,1.71598,1.71656,2.03,2.03
2011.08.29 12:29:00.487,1.71596,1.71649,1.28,1.28
2011.08.29 12:29:02.108,1.71595,1.71648,1.28,2.03
2011.08.29 12:29:02.492,1.71585,1.71638,1.28,1.28
2011.08.29 12:29:02.717,1.71588,1.71642,1.65,2.03
2011.08.29 12:29:02.836,1.7159,1.71645,1.28,1.50
2011.08.29 12:29:03.322,1.71587,1.71643,1.65,2.03
2011.08.29 12:29:04.416,1.71587,1.71643,1.28,2.03
2011.08.29 12:29:05.067,1.71592,1.71643,1.28,1.28
2011.08.29 12:29:08.015,1.71594,1.71644,1.28,1.28
2011.08.29 12:29:10.270,1.71591,1.71642,1.28,1.28
2011.08.29 12:29:10.499,1.71595,1.71646,1.28,1.28
2011.08.29 12:29:10.728,1.71597,1.71652,1.28,1.50
2011.08.29 12:29:11.267,1.71597,1.71655,2.03,1.28
2011.08.29 12:29:11.786,1.71598,1.71656,1.28,1.28
2011.08.29 12:29:18.950,1.71598,1.71652,1.28,1.50
2011.08.29 12:29:19.717,1.71596,1.71647,1.28,1.28
2011.08.29 12:29:20.669,1.71597,1.71648,1.28,1.28
2011.08.29 12:29:20.894,1.71598,1.71656,2.03,2.03
2011.08.29 12:29:22.397,1.71598,1.71656,1.28,2.03
2011.08.29 12:29:22.629,1.71599,1.71655,1.28,2.03
2011.08.29 12:29:25.167,1.71598,1.71649,1.28,1.28
2011.08.29 12:29:26.306,1.71597,1.71648,1.28,1.28
2011.08.29 12:29:27.009,1.71598,1.71649,1.28,1.28
2011.08.29 12:29:27.987,1.71597,1.71652,1.28,2.78
2011.08.29 12:29:28.639,1.71596,1.71651,1.28,2.03
2011.08.29 12:29:30.407,1.71595,1.71648,1.28,1.28
2011.08.29 12:29:30.925,1.71595,1.71649,1.28,1.28
2011.08.29 12:29:34.678,1.71592,1.71648,1.28,1.50
2011.08.29 12:29:36.723,1.71592,1.71648,1.28,1.50
2011.08.29 12:29:36.954,1.7159,1.71643,1.28,2.03
2011.08.29 12:29:37.775,1.71591,1.71644,1.28,2.78
2011.08.29 12:29:44.056,1.71591,1.71644,2.78,1.28
2011.08.29 12:29:44.167,1.71595,1.7165,1.28,1.28
2011.08.29 12:29:44.877,1.71591,1.71648,1.50,1.28
2011.08.29 12:29:44.998,1.7158,1.71641,2.03,1.50
2011.08.29 12:29:45.597,1.71579,1.71637,1.28,1.50
2011.08.29 12:29:45.940,1.71575,1.71637,1.28,1.50
2011.08.29 12:29:46.674,1.71575,1.71635,1.28,1.50
2011.08.29 12:29:47.229,1.71575,1.71629,1.28,1.50
2011.08.29 12:29:48.085,1.71574,1.71629,1.28,1.50
2011.08.29 12:29:48.697,1.71588,1.71646,1.50,2.03
2011.08.29 12:29:49.322,1.71591,1.71647,1.28,2.03
2011.08.29 12:29:52.467,1.71592,1.71648,1.28,1.50
2011.08.29 12:29:53.446,1.71593,1.71648,1.28,2.78
2011.08.29 12:29:54.526,1.71593,1.71633,1.28,1.50
2011.08.29 12:29:54.639,1.71575,1.71633,1.28,1.50
2011.08.29 12:29:54.870,1.71575,1.71637,1.50,1.50
2011.08.29 12:29:55.096,1.71563,1.71641,1.28,2.55
2011.08.29 12:29:55.209,1.71558,1.71641,1.50,1.28
2011.08.29 12:29:56.267,1.71573,1.71642,1.28,1.28
2011.08.29 12:29:58.095,1.71567,1.71636,1.28,1.28
2011.08.29 12:29:58.535,1.71558,1.71629,1.28,1.28
2011.08.29 12:29:58.754,1.71553,1.71623,1.50,1.28
2011.08.29 12:29:59.223,1.71553,1.7162,1.50,1.28
2011.08.29 12:30:00.293,1.71554,1.7162,1.50,1.28
2011.08.29 12:30:00.864,1.71554,1.71623,1.50,1.28
2011.08.29 12:30:01.195,1.71554,1.71639,1.50,1.28
2011.08.29 12:30:04.023,1.71553,1.71639,1.50,1.28
2011.08.29 12:30:05.779,1.71556,1.71636,1.28,1.28
2011.08.29 12:30:06.724,1.71553,1.71624,1.28,1.28
2011.08.29 12:30:06.835,1.7155,1.71634,1.28,1.28
2011.08.29 12:30:07.492,1.7155,1.71633,1.28,1.28
2011.08.29 12:30:08.733,1.71549,1.71633,1.28,1.28
2011.08.29 12:30:10.133,1.71548,1.71621,1.28,1.28
2011.08.29 12:30:10.482,1.71548,1.71621,2.03,2.55
2011.08.29 12:30:10.817,1.71548,1.71601,1.28,1.50
2011.08.29 12:30:18.140,1.71552,1.71605,1.28,1.50
2011.08.29 12:30:18.259,1.71552,1.71609,1.28,1.50
2011.08.29 12:30:18.499,1.71552,1.71606,1.28,1.50
2011.08.29 12:30:19.015,1.71552,1.71604,1.28,1.50
2011.08.29 12:30:22.179,1.7155,1.716,1.28,1.50
2011.08.29 12:30:22.680,1.71549,1.716,1.28,1.50
2011.08.29 12:30:25.202,1.71549,1.71604,1.28,1.50
2011.08.29 12:30:26.178,1.71549,1.716,1.28,1.50
2011.08.29 12:30:26.985,1.71549,1.71605,1.28,1.50
2011.08.29 12:30:27.096,1.71549,1.716,1.28,1.50
2011.08.29 12:30:28.167,1.71551,1.716,1.28,1.50
2011.08.29 12:30:29.769,1.71551,1.71604,1.28,1.50
2011.08.29 12:30:29.887,1.71551,1.71608,1.28,1.50
2011.08.29 12:30:30.008,1.71555,1.71613,1.28,1.50
2011.08.29 12:30:30.128,1.71555,1.71621,2.78,1.50
2011.08.29 12:30:30.248,1.71563,1.71621,1.28,1.50
2011.08.29 12:30:30.490,1.7156,1.71621,1.28,1.50
2011.08.29 12:30:31.086,1.71561,1.71621,1.28,1.50
2011.08.29 12:30:31.600,1.7156,1.71621,1.28,1.50
2011.08.29 12:30:34.423,1.7156,1.71619,1.28,1.50
2011.08.29 12:30:34.759,1.71557,1.71618,1.13,1.28
2011.08.29 12:30:35.303,1.71558,1.71615,1.65,1.50
2011.08.29 12:30:35.424,1.71554,1.71612,1.13,1.50
2011.08.29 12:30:38.062,1.71558,1.71614,1.13,1.50
2011.08.29 12:30:38.180,1.71558,1.71617,1.13,1.50
2011.08.29 12:30:40.309,1.71558,1.71614,1.13,1.50
2011.08.29 12:30:40.720,1.71556,1.71608,1.65,1.50
2011.08.29 12:30:41.204,1.71556,1.71608,1.28,1.50
2011.08.29 12:30:41.776,1.71552,1.71608,1.65,1.50
2011.08.29 12:30:43.038,1.71554,1.71616,1.13,1.50
2011.08.29 12:30:45.908,1.71553,1.71616,1.65,2.03
2011.08.29 12:30:48.718,1.71575,1.71617,1.13,1.28
2011.08.29 12:30:48.836,1.71575,1.71624,1.88,1.28
2011.08.29 12:30:48.958,1.71583,1.71636,1.28,2.03
2011.08.29 12:30:52.777,1.71581,1.71634,1.28,2.03
2011.08.29 12:30:52.900,1.71578,1.71621,1.28,1.50
2011.08.29 12:30:53.021,1.71573,1.71621,1.50,1.50
2011.08.29 12:30:53.246,1.71573,1.71612,1.50,1.50
2011.08.29 12:30:53.679,1.71573,1.71604,1.50,1.50
2011.08.29 12:30:54.364,1.71574,1.71604,1.50,1.50
2011.08.29 12:30:54.885,1.71573,1.71604,1.50,1.50
2011.08.29 12:30:55.440,1.71576,1.71623,1.50,1.28
2011.08.29 12:30:55.557,1.71579,1.71634,1.28,1.28
2011.08.29 12:30:56.609,1.71579,1.71634,1.28,2.03
2011.08.29 12:30:57.549,1.71579,1.71618,1.28,2.10
2011.08.29 12:31:01.213,1.71577,1.71618,1.28,2.10
2011.08.29 12:31:01.699,1.71575,1.71618,1.28,2.10
2011.08.29 12:31:03.372,1.71575,1.71606,1.28,1.50
2011.08.29 12:31:03.490,1.71575,1.71604,1.28,2.10
2011.08.29 12:31:03.611,1.71568,1.71604,1.50,2.10
2011.08.29 12:31:03.948,1.71568,1.71622,2.10,1.28
2011.08.29 12:31:04.862,1.71568,1.71622,2.10,2.03
2011.08.29 12:31:05.511,1.71569,1.71617,2.10,1.28
2011.08.29 12:31:07.590,1.71568,1.71618,2.10,2.03
2011.08.29 12:31:16.086,1.71562,1.71615,1.35,1.28
2011.08.29 12:31:16.306,1.71557,1.71614,1.35,1.88
2011.08.29 12:31:16.808,1.71556,1.71613,1.88,1.50
2011.08.29 12:31:17.455,1.71554,1.71608,1.73,1.28
2011.08.29 12:31:17.678,1.71554,1.71611,3.38,1.13
2011.08.29 12:31:21.738,1.71554,1.71609,1.88,1.28
2011.08.29 12:31:21.859,1.71554,1.71607,1.50,1.35
2011.08.29 12:31:21.984,1.71553,1.71605,1.50,2.78
2011.08.29 12:31:22.208,1.71549,1.71607,1.35,1.35
2011.08.29 12:31:23.803,1.71551,1.71607,1.35,1.88
2011.08.29 12:31:24.362,1.71554,1.71607,1.28,1.28
2011.08.29 12:31:26.013,1.71544,1.71596,3.00,1.28
2011.08.29 12:31:26.261,1.71544,1.71596,1.50,1.28
2011.08.29 12:31:26.610,1.71546,1.71604,1.28,1.50
2011.08.29 12:31:26.730,1.71546,1.71604,1.65,1.50
2011.08.29 12:31:27.068,1.71558,1.71613,1.28,1.50
2011.08.29 12:31:27.297,1.71559,1.71616,2.03,1.35
2011.08.29 12:31:27.418,1.7156,1.71617,1.50,1.88
2011.08.29 12:31:29.252,1.7156,1.71614,1.50,1.28
2011.08.29 12:31:29.370,1.71559,1.71614,1.28,2.03
2011.08.29 12:31:29.599,1.7156,1.71614,1.50,1.28
2011.08.29 12:31:29.719,1.71562,1.71618,2.03,2.63
2011.08.29 12:31:29.837,1.71562,1.71618,2.78,2.03
2011.08.29 12:31:29.960,1.71562,1.71618,2.03,2.03
2011.08.29 12:31:30.082,1.7156,1.71612,1.28,1.28
2011.08.29 12:31:30.198,1.7156,1.71616,1.28,2.78
2011.08.29 12:31:30.317,1.7156,1.71616,2.03,2.03
2011.08.29 12:31:30.427,1.71561,1.7162,2.03,2.03
2011.08.29 12:31:31.269,1.71567,1.71622,1.50,1.50
2011.08.29 12:31:32.623,1.71567,1.71629,1.50,2.78
2011.08.29 12:31:38.187,1.71572,1.71628,1.50,1.28
2011.08.29 12:31:38.529,1.71576,1.71629,1.50,1.28
2011.08.29 12:31:39.375,1.71576,1.7163,1.50,1.88
2011.08.29 12:31:41.138,1.71575,1.7163,2.63,2.03
2011.08.29 12:31:41.259,1.71581,1.71632,1.28,2.78
2011.08.29 12:31:41.488,1.71577,1.7163,1.35,1.28
2011.08.29 12:31:43.096,1.71579,1.7163,1.50,1.88
2011.08.29 12:31:43.214,1.71574,1.7162,1.50,1.50
2011.08.29 12:31:43.328,1.71573,1.71619,1.50,1.50
2011.08.29 12:31:43.909,1.71573,1.71616,1.50,1.50
2011.08.29 12:31:44.288,1.71573,1.71621,1.50,1.50
2011.08.29 12:31:45.007,1.71574,1.71623,1.50,1.50
2011.08.29 12:31:45.130,1.71574,1.71624,1.50,1.50
2011.08.29 12:31:45.719,1.71573,1.71624,1.50,1.50
2011.08.29 12:31:46.941,1.71573,1.71627,1.50,1.50
2011.08.29 12:31:47.060,1.71573,1.71629,1.50,1.50
2011.08.29 12:31:47.288,1.71573,1.71624,1.50,1.50
2011.08.29 12:31:47.638,1.71573,1.7162,1.50,1.50
2011.08.29 12:31:47.980,1.71573,1.71624,2.78,1.50
2011.08.29 12:31:48.659,1.71576,1.71626,1.28,1.50
2011.08.29 12:31:48.779,1.71576,1.71629,1.28,1.50
2011.08.29 12:31:49.489,1.71577,1.71629,1.28,1.50
2011.08.29 12:31:49.634,1.71579,1.71629,1.28,1.50
2011.08.29 12:31:50.298,1.71576,1.71628,1.28,1.50
2011.08.29 12:31:50.526,1.71574,1.71628,1.50,1.50
2011.08.29 12:31:51.198,1.71573,1.71628,1.50,1.50
2011.08.29 12:31:51.777,1.71573,1.71628,2.25,1.50
2011.08.29 12:31:53.307,1.71574,1.71632,3.00,1.50
2011.08.29 12:32:00.237,1.71573,1.71632,1.13,1.50
2011.08.29 12:32:00.466,1.71574,1.7163,1.50,1.50
2011.08.29 12:32:00.578,1.71573,1.71633,1.13,1.50
2011.08.29 12:32:01.207,1.71573,1.71631,1.88,1.50
2011.08.29 12:32:01.327,1.71573,1.71632,1.88,1.50
2011.08.29 12:32:02.311,1.71573,1.71632,1.13,1.50
2011.08.29 12:32:02.540,1.71573,1.71631,1.88,1.50
2011.08.29 12:32:02.658,1.71573,1.71632,1.88,1.50
2011.08.29 12:32:02.800,1.71573,1.71632,1.13,1.50
2011.08.29 12:32:03.707,1.7157,1.71628,2.03,1.50
2011.08.29 12:32:03.845,1.71573,1.71628,1.13,1.50
2011.08.29 12:32:07.456,1.7157,1.71628,2.03,1.50
2011.08.29 12:32:11.313,1.71578,1.71628,1.28,1.50
2011.08.29 12:32:11.647,1.7158,1.71625,1.28,1.50
2011.08.29 12:32:12.129,1.7158,1.71627,1.28,1.28
2011.08.29 12:32:12.248,1.7158,1.71628,1.28,1.50
2011.08.29 12:32:14.897,1.7158,1.71628,1.28,1.50
2011.08.29 12:32:15.022,1.7158,1.71626,1.28,1.50
2011.08.29 12:32:15.247,1.71582,1.71629,1.28,1.50
2011.08.29 12:32:15.760,1.71582,1.71621,1.28,1.50
2011.08.29 12:32:16.206,1.71582,1.71636,1.28,1.28
2011.08.29 12:32:16.327,1.71582,1.71637,1.28,1.50
2011.08.29 12:32:16.670,1.71581,1.71636,1.13,2.03
2011.08.29 12:32:16.972,1.71573,1.71626,2.78,1.28
2011.08.29 12:32:17.090,1.71575,1.71626,1.28,1.28
2011.08.29 12:32:18.198,1.71575,1.71628,1.28,1.28
2011.08.29 12:32:20.470,1.71575,1.71628,1.88,1.88
2011.08.29 12:32:20.807,1.71573,1.71626,1.88,1.28
2011.08.29 12:32:22.108,1.71573,1.71626,1.28,1.88
2011.08.29 12:32:22.227,1.71568,1.71623,1.50,1.88
2011.08.29 12:32:22.347,1.71576,1.71623,1.35,1.28
2011.08.29 12:32:22.687,1.71578,1.71634,1.35,1.73
2011.08.29 12:32:25.346,1.71578,1.71634,1.35,2.10
2011.08.29 12:32:25.567,1.71568,1.71627,1.35,1.73
2011.08.29 12:32:27.108,1.71568,1.71622,1.35,1.35
2011.08.29 12:32:27.227,1.71566,1.71622,1.35,1.35
2011.08.29 12:32:27.457,1.71566,1.71615,1.35,1.28
2011.08.29 12:32:30.669,1.71565,1.7162,1.35,1.28
2011.08.29 12:32:32.562,1.71564,1.7162,1.88,2.03
2011.08.29 12:32:32.791,1.71563,1.71614,1.88,1.28
2011.08.29 12:32:34.883,1.71561,1.71616,2.63,1.28
2011.08.29 12:32:36.273,1.71561,1.71616,1.88,2.03
2011.08.29 12:32:36.391,1.71561,1.71614,1.28,1.73
2011.08.29 12:32:36.619,1.71555,1.71608,1.88,2.78
2011.08.29 12:32:37.304,1.71554,1.71605,2.10,1.28
2011.08.29 12:32:37.909,1.71554,1.71603,2.10,1.28
2011.08.29 12:32:41.809,1.71554,1.71604,2.10,1.28
2011.08.29 12:32:42.717,1.7155,1.71605,2.63,1.28
2011.08.29 12:32:46.693,1.71558,1.71606,1.35,1.28
2011.08.29 12:32:46.823,1.71558,1.71612,1.35,2.10
2011.08.29 12:32:47.209,1.71559,1.71612,2.10,2.10
2011.08.29 12:32:48.588,1.71563,1.71611,2.78,1.50
2011.08.29 12:32:49.886,1.71563,1.71612,2.78,1.50
2011.08.29 12:32:51.382,1.71563,1.71611,2.78,1.50
2011.08.29 12:32:52.038,1.71565,1.71611,1.28,1.50
2011.08.29 12:32:52.269,1.71563,1.71612,1.28,1.50
2011.08.29 12:32:52.919,1.71561,1.71611,1.35,1.50
2011.08.29 12:32:53.150,1.71557,1.71615,1.35,2.03
2011.08.29 12:32:53.270,1.71557,1.7161,1.35,1.28
2011.08.29 12:32:53.837,1.71557,1.71611,1.35,1.28
2011.08.29 12:32:54.288,1.71557,1.71616,1.35,1.88
2011.08.29 12:32:55.370,1.71561,1.71617,1.35,1.65
2011.08.29 12:32:55.601,1.71561,1.71606,1.35,1.28
2011.08.29 12:32:55.717,1.71561,1.71618,1.35,1.65
2011.08.29 12:32:58.284,1.71561,1.71608,1.35,1.28
2011.08.29 12:32:58.629,1.71513,1.71566,1.35,2.03
2011.08.29 12:32:58.750,1.71498,1.71548,2.25,1.50
2011.08.29 12:32:59.088,1.715,1.71558,1.50,1.35
2011.08.29 12:32:59.208,1.71507,1.71559,1.50,1.65
2011.08.29 12:32:59.328,1.71507,1.71567,1.50,1.73
2011.08.29 12:33:00.490,1.71507,1.71569,1.50,2.78
2011.08.29 12:33:01.048,1.71504,1.71557,2.78,1.28
2011.08.29 12:33:01.477,1.71501,1.71554,1.28,1.28
2011.08.29 12:33:01.588,1.71502,1.7156,1.28,1.50
2011.08.29 12:33:01.819,1.71503,1.71565,1.50,1.50
2011.08.29 12:33:02.158,1.71507,1.71569,1.50,1.50
2011.08.29 12:33:02.438,1.71504,1.71564,2.78,1.50
2011.08.29 12:33:05.776,1.71505,1.71564,1.50,1.50
2011.08.29 12:33:06.621,1.71506,1.71569,1.50,1.50
2011.08.29 12:33:06.736,1.71507,1.71569,1.50,1.50
2011.08.29 12:33:10.792,1.71504,1.71567,1.50,1.50
2011.08.29 12:33:11.237,1.71507,1.71564,1.28,1.50
2011.08.29 12:33:11.577,1.71507,1.71569,3.53,2.78
2011.08.29 12:33:11.810,1.7151,1.7157,2.03,1.50
2011.08.29 12:33:12.453,1.71506,1.71566,1.50,1.50
2011.08.29 12:33:12.567,1.71507,1.71569,1.50,1.88
2011.08.29 12:33:12.987,1.71501,1.7156,1.13,1.50
2011.08.29 12:33:13.438,1.71505,1.71564,1.50,1.50
2011.08.29 12:33:13.893,1.71508,1.71564,1.28,1.50
2011.08.29 12:33:14.307,1.71508,1.71568,2.78,2.78
2011.08.29 12:33:14.948,1.71507,1.71568,2.78,2.78
2011.08.29 12:33:17.097,1.71508,1.71567,2.78,2.03
2011.08.29 12:33:17.885,1.71508,1.71565,2.78,1.28
2011.08.29 12:33:18.106,1.71513,1.71566,1.28,2.03
2011.08.29 12:33:19.426,1.71513,1.71566,2.03,2.03
2011.08.29 12:33:20.338,1.71513,1.71566,1.28,2.03
2011.08.29 12:33:20.780,1.71514,1.71572,2.03,1.50
2011.08.29 12:33:21.007,1.71514,1.71574,2.40,1.50
2011.08.29 12:33:21.127,1.71516,1.71576,1.50,1.50
2011.08.29 12:33:21.897,1.71515,1.71574,2.03,1.50
2011.08.29 12:33:22.019,1.71515,1.71572,1.28,1.50
2011.08.29 12:33:22.817,1.71515,1.71572,2.03,1.50
2011.08.29 12:33:23.260,1.71515,1.71572,1.28,1.50
2011.08.29 12:33:24.538,1.71517,1.71575,1.50,1.50
2011.08.29 12:33:24.658,1.71517,1.71577,1.50,1.50
2011.08.29 12:33:31.558,1.71519,1.71581,1.50,1.50
2011.08.29 12:33:32.472,1.7153,1.71588,1.13,1.50
2011.08.29 12:33:32.921,1.71526,1.71584,1.50,1.50
2011.08.29 12:33:33.252,1.71525,1.7158,2.03,1.28
2011.08.29 12:33:33.979,1.71525,1.7158,1.28,2.78
2011.08.29 12:33:35.248,1.71527,1.7158,1.28,1.50
2011.08.29 12:33:35.600,1.71527,1.71584,1.28,2.03
2011.08.29 12:33:36.118,1.71526,1.71585,2.03,1.50
2011.08.29 12:33:39.027,1.71527,1.71585,1.28,1.50
2011.08.29 12:33:39.349,1.71527,1.71585,1.88,1.50
2011.08.29 12:33:39.469,1.7153,1.71586,1.73,2.03
2011.08.29 12:33:39.590,1.71537,1.71586,2.25,1.28
2011.08.29 12:33:39.712,1.71543,1.71601,1.50,2.10
2011.08.29 12:33:39.831,1.71538,1.71588,1.50,1.35
2011.08.29 12:33:39.951,1.71526,1.71584,1.50,1.73
2011.08.29 12:33:40.067,1.71519,1.71576,1.50,1.50
2011.08.29 12:33:40.299,1.71521,1.71576,1.28,1.50
2011.08.29 12:33:40.777,1.7152,1.71579,2.03,2.03
2011.08.29 12:33:40.905,1.71533,1.71594,1.35,1.35
2011.08.29 12:33:41.021,1.71531,1.71588,1.88,1.50
2011.08.29 12:33:41.140,1.71533,1.71593,1.35,1.50
2011.08.29 12:33:41.759,1.71532,1.71593,2.03,1.50
2011.08.29 12:33:42.038,1.71532,1.71576,2.03,1.13
2011.08.29 12:33:42.159,1.71518,1.71569,1.50,2.78
2011.08.29 12:33:42.871,1.71519,1.71569,1.50,2.78
2011.08.29 12:33:42.993,1.71532,1.71572,1.88,1.13
2011.08.29 12:33:43.110,1.71532,1.71581,1.88,1.50
2011.08.29 12:33:43.521,1.7155,1.71581,1.28,1.50
2011.08.29 12:33:43.640,1.7155,1.71602,1.28,2.25
2011.08.29 12:33:44.148,1.7155,1.71601,1.28,1.50
2011.08.29 12:33:44.269,1.71552,1.71601,1.28,1.50
2011.08.29 12:33:45.245,1.71551,1.71602,1.28,1.50
2011.08.29 12:33:45.970,1.71548,1.716,1.28,1.50
2011.08.29 12:33:46.087,1.71545,1.71598,1.28,1.28
2011.08.29 12:33:46.938,1.71545,1.716,1.28,2.78
2011.08.29 12:33:47.480,1.71545,1.716,2.03,2.03
2011.08.29 12:33:47.602,1.7155,1.71603,1.28,2.63
2011.08.29 12:33:48.552,1.71553,1.71606,2.03,1.50
2011.08.29 12:33:48.890,1.71562,1.71606,1.28,1.50
2011.08.29 12:33:49.008,1.7156,1.71606,1.28,1.50
2011.08.29 12:33:49.348,1.71555,1.71606,1.50,1.50
2011.08.29 12:33:50.582,1.71553,1.71605,1.28,1.50
2011.08.29 12:33:50.701,1.71553,1.71606,2.03,1.50
2011.08.29 12:33:50.819,1.71555,1.71607,1.50,1.50
2011.08.29 12:33:51.461,1.71553,1.71607,2.03,2.25
2011.08.29 12:33:51.582,1.71553,1.71605,1.28,1.50
2011.08.29 12:33:51.699,1.71553,1.71607,2.03,1.50
2011.08.29 12:33:51.821,1.7155,1.71605,1.28,2.78
2011.08.29 12:33:52.379,1.71546,1.71599,1.28,2.03
2011.08.29 12:33:52.881,1.71545,1.71598,1.28,2.63
2011.08.29 12:33:53.219,1.71531,1.71591,1.50,2.03
2011.08.29 12:33:53.452,1.71531,1.71584,1.50,1.28
2011.08.29 12:33:53.788,1.71535,1.71598,1.50,1.35
2011.08.29 12:33:55.012,1.71536,1.716,2.10,1.13
2011.08.29 12:33:55.272,1.71549,1.71602,1.28,2.40
2011.08.29 12:33:55.393,1.71543,1.71601,1.28,1.88
2011.08.29 12:33:56.090,1.71548,1.71602,1.28,1.13
2011.08.29 12:33:56.428,1.71548,1.71603,1.88,2.03
2011.08.29 12:33:56.826,1.7156,1.71611,1.28,2.78
2011.08.29 12:33:56.998,1.7156,1.71611,1.28,1.50
2011.08.29 12:33:57.720,1.71562,1.71611,1.50,1.50
2011.08.29 12:33:58.193,1.71566,1.71611,1.35,1.50
2011.08.29 12:33:58.369,1.71566,1.71611,2.25,1.50
2011.08.29 12:33:58.829,1.71572,1.71612,2.03,1.50
2011.08.29 12:33:58.948,1.71578,1.71612,1.35,1.50
2011.08.29 12:34:00.111,1.71578,1.71611,2.63,1.50
2011.08.29 12:34:01.209,1.71578,1.71612,1.35,1.50
2011.08.29 12:34:01.636,1.71572,1.71611,1.50,1.50
2011.08.29 12:34:01.758,1.71564,1.71611,2.25,1.50
2011.08.29 12:34:01.991,1.71574,1.71611,1.28,1.50
2011.08.29 12:34:02.331,1.71576,1.71612,1.65,1.50
2011.08.29 12:34:02.559,1.71595,1.71651,1.50,2.25
2011.08.29 12:34:02.679,1.71595,1.71651,1.50,1.50
2011.08.29 12:34:02.799,1.71601,1.71651,1.28,1.50
2011.08.29 12:34:03.772,1.71604,1.71651,1.50,1.50
2011.08.29 12:34:04.339,1.71604,1.71652,1.50,1.50
2011.08.29 12:34:04.889,1.71604,1.71651,1.50,1.50
2011.08.29 12:34:06.268,1.71605,1.71651,2.03,2.10
2011.08.29 12:34:06.390,1.71586,1.71644,1.28,1.50
2011.08.29 12:34:06.510,1.71586,1.71637,1.28,1.50
2011.08.29 12:34:06.627,1.71575,1.71636,3.75,2.03
2011.08.29 12:34:07.244,1.71579,1.71636,1.50,2.03
2011.08.29 12:34:07.750,1.71578,1.71636,2.25,2.03
2011.08.29 12:34:07.869,1.71578,1.71629,1.50,1.50
2011.08.29 12:34:08.728,1.71579,1.71627,1.50,2.03
2011.08.29 12:34:09.848,1.71579,1.71628,1.50,1.35
2011.08.29 12:34:10.241,1.71579,1.71634,2.10,1.50
2011.08.29 12:34:10.359,1.71579,1.71634,1.50,1.50
2011.08.29 12:34:10.587,1.71579,1.71636,2.25,1.50
2011.08.29 12:34:10.700,1.71579,1.71634,1.50,1.50
2011.08.29 12:34:10.816,1.71579,1.71637,1.50,1.50
2011.08.29 12:34:12.111,1.71578,1.71637,2.25,1.50
2011.08.29 12:34:13.678,1.71579,1.71637,1.50,1.50
2011.08.29 12:34:13.797,1.71579,1.71639,3.00,2.03
2011.08.29 12:34:14.130,1.71587,1.71648,1.28,2.40
2011.08.29 12:34:14.467,1.71589,1.71647,1.28,2.03
2011.08.29 12:34:15.888,1.71589,1.71646,1.28,2.78
2011.08.29 12:34:16.227,1.71584,1.7164,1.28,1.50
2011.08.29 12:34:16.736,1.71583,1.71638,1.28,2.03
2011.08.29 12:34:17.170,1.71583,1.71636,1.28,1.28
2011.08.29 12:34:17.400,1.71583,1.71634,1.28,1.50
2011.08.29 12:34:17.518,1.71574,1.71627,3.53,1.28
2011.08.29 12:34:17.639,1.71576,1.71635,1.28,2.03
2011.08.29 12:34:18.241,1.71575,1.71635,1.28,2.03
2011.08.29 12:34:19.685,1.71575,1.71634,1.28,1.50
2011.08.29 12:34:20.052,1.71574,1.71627,1.50,2.03
2011.08.29 12:34:20.599,1.71573,1.71627,1.50,2.03
2011.08.29 12:34:20.829,1.71576,1.71635,2.78,1.13
2011.08.29 12:34:23.278,1.71577,1.71627,1.50,1.28
2011.08.29 12:34:23.401,1.71577,1.71635,2.78,1.13
2011.08.29 12:34:27.448,1.71588,1.71636,1.35,1.65
2011.08.29 12:34:27.678,1.7159,1.71644,2.25,1.50
2011.08.29 12:34:27.798,1.7159,1.71644,2.25,1.50
2011.08.29 12:34:28.370,1.71594,1.71646,1.35,1.50
2011.08.29 12:34:28.853,1.71593,1.71646,1.13,1.50
2011.08.29 12:34:32.356,1.7159,1.71647,2.40,2.25
2011.08.29 12:34:32.689,1.71593,1.71647,1.50,1.50
2011.08.29 12:34:33.038,1.71608,1.71646,1.28,1.50
2011.08.29 12:34:35.429,1.71588,1.71647,1.88,1.50
2011.08.29 12:34:35.767,1.71588,1.71647,1.88,2.25
2011.08.29 12:34:36.101,1.71588,1.71643,1.13,1.50
2011.08.29 12:34:36.438,1.71582,1.71641,1.50,1.50
2011.08.29 12:34:36.727,1.71582,1.71641,1.13,1.50
2011.08.29 12:34:36.842,1.71584,1.71645,2.03,1.50
2011.08.29 12:34:36.958,1.71587,1.71642,2.03,1.28
2011.08.29 12:34:37.078,1.71587,1.71642,1.28,1.28
2011.08.29 12:34:37.638,1.71586,1.71644,1.28,1.50
2011.08.29 12:34:38.259,1.71586,1.71644,2.03,1.50
2011.08.29 12:34:38.488,1.71595,1.7165,1.28,1.35
2011.08.29 12:34:38.609,1.71592,1.71647,1.65,1.88
2011.08.29 12:34:38.730,1.7159,1.71643,1.13,1.28
2011.08.29 12:34:39.310,1.71586,1.71643,2.78,2.03
2011.08.29 12:34:40.474,1.71594,1.71649,1.28,1.50
2011.08.29 12:34:40.703,1.71596,1.71657,2.03,3.00
2011.08.29 12:34:40.820,1.71596,1.7164,1.28,1.50
2011.08.29 12:34:41.050,1.71582,1.7164,1.13,1.50
2011.08.29 12:34:41.282,1.71577,1.71637,1.50,1.50
2011.08.29 12:34:42.002,1.71583,1.7164,1.28,2.03
2011.08.29 12:34:46.159,1.71583,1.7164,1.28,2.03
2011.08.29 12:34:46.502,1.71579,1.71632,1.28,2.78
2011.08.29 12:34:46.838,1.71578,1.7163,1.28,1.35
2011.08.29 12:34:47.400,1.71574,1.7163,1.13,1.35
2011.08.29 12:34:47.738,1.71581,1.71635,1.28,1.35
2011.08.29 12:34:48.427,1.71585,1.71639,1.28,2.03
2011.08.29 12:34:48.543,1.71587,1.71644,1.13,2.78
2011.08.29 12:34:48.658,1.71592,1.71644,1.28,1.50
2011.08.29 12:34:49.799,1.71593,1.71644,1.28,1.50
2011.08.29 12:34:49.919,1.71593,1.71647,1.28,1.35
2011.08.29 12:34:50.477,1.71592,1.7165,1.50,1.35
2011.08.29 12:34:52.907,1.71588,1.71647,1.13,1.88
2011.08.29 12:34:53.027,1.71582,1.7164,1.50,1.50
2011.08.29 12:34:53.152,1.71586,1.71647,1.13,1.35
2011.08.29 12:34:53.273,1.71602,1.71651,1.35,2.25
2011.08.29 12:34:53.611,1.71618,1.71666,1.13,1.28
2011.08.29 12:34:53.733,1.71618,1.71676,1.13,2.03
2011.08.29 12:34:54.439,1.71618,1.71667,1.13,1.13
2011.08.29 12:34:54.887,1.71609,1.71657,2.78,1.88
2011.08.29 12:34:55.292,1.71608,1.71648,1.50,1.50
2011.08.29 12:34:55.739,1.71609,1.71653,1.50,1.50
2011.08.29 12:34:56.239,1.71608,1.71657,1.50,1.50
2011.08.29 12:34:56.766,1.71599,1.71657,2.40,1.50
2011.08.29 12:34:58.598,1.71631,1.71684,1.65,1.35
2011.08.29 12:34:58.725,1.71628,1.71669,1.65,1.50
2011.08.29 12:34:58.841,1.71608,1.71669,1.35,2.10
2011.08.29 12:34:59.069,1.71602,1.71659,1.50,1.35
2011.08.29 12:34:59.559,1.71601,1.71656,1.35,1.50
2011.08.29 12:34:59.680,1.71601,1.71661,1.50,1.50
2011.08.29 12:35:00.197,1.716,1.71657,2.03,1.50
2011.08.29 12:35:00.429,1.71607,1.71661,1.50,1.50
2011.08.29 12:35:00.659,1.71607,1.71665,1.50,1.50
2011.08.29 12:35:01.552,1.71607,1.71663,1.50,1.50
2011.08.29 12:35:02.184,1.71607,1.7166,1.50,1.50
2011.08.29 12:35:02.488,1.71607,1.71659,1.50,1.50
2011.08.29 12:35:02.882,1.71604,1.71656,2.03,1.50
2011.08.29 12:35:05.161,1.71597,1.71651,1.88,1.50
2011.08.29 12:35:05.281,1.71597,1.71653,1.50,1.50
2011.08.29 12:35:05.401,1.71598,1.71655,2.03,2.03
2011.08.29 12:35:05.518,1.71599,1.71656,2.03,1.50
2011.08.29 12:35:05.638,1.71599,1.71656,2.03,1.50
2011.08.29 12:35:05.758,1.71599,1.71656,1.65,1.50
2011.08.29 12:35:06.344,1.71602,1.71655,1.28,2.03
2011.08.29 12:35:07.530,1.71603,1.71656,1.28,1.50
2011.08.29 12:35:08.688,1.71603,1.71658,1.28,2.03
2011.08.29 12:35:10.628,1.71603,1.71658,1.28,2.78
2011.08.29 12:35:11.095,1.71601,1.71656,1.65,3.38
2011.08.29 12:35:14.360,1.71598,1.71649,1.65,1.50
2011.08.29 12:35:14.698,1.71593,1.71646,1.50,1.35
2011.08.29 12:35:15.038,1.71598,1.71651,1.28,2.63
2011.08.29 12:35:15.564,1.71597,1.71651,1.28,1.35
2011.08.29 12:35:16.229,1.71594,1.71647,1.28,1.35
2011.08.29 12:35:16.461,1.71593,1.71641,1.50,1.28
2011.08.29 12:35:16.800,1.7159,1.71645,1.28,2.10
2011.08.29 12:35:17.380,1.71589,1.71645,2.40,1.35
2011.08.29 12:35:17.608,1.71589,1.71646,2.40,2.63
2011.08.29 12:35:17.727,1.71596,1.71646,1.28,1.35
2011.08.29 12:35:17.849,1.71593,1.71645,1.28,1.35
2011.08.29 12:35:18.072,1.71591,1.71645,1.28,3.38
2011.08.29 12:35:18.648,1.7159,1.71645,1.28,3.38
2011.08.29 12:35:20.895,1.71588,1.71645,1.65,3.38
2011.08.29 12:35:23.235,1.71589,1.71643,1.13,1.28
2011.08.29 12:35:23.580,1.71578,1.71631,2.25,1.28
2011.08.29 12:35:23.808,1.71579,1.71622,1.50,1.28
2011.08.29 12:35:24.883,1.71579,1.71623,2.25,2.03
2011.08.29 12:35:25.221,1.71585,1.71629,1.13,1.50
2011.08.29 12:35:25.340,1.71587,1.71647,2.25,1.35
2011.08.29 12:35:26.576,1.71589,1.71647,1.13,1.35
2011.08.29 12:35:28.389,1.71591,1.71645,1.65,1.28
2011.08.29 12:35:32.178,1.71591,1.71646,1.65,2.03
2011.08.29 12:35:36.008,1.71591,1.71646,3.15,1.28
2011.08.29 12:35:36.128,1.71594,1.71651,1.28,2.03
2011.08.29 12:35:36.250,1.71596,1.71651,1.50,1.28
2011.08.29 12:35:36.642,1.71604,1.71658,1.50,1.28
2011.08.29 12:35:36.980,1.71612,1.71661,1.28,1.50
2011.08.29 12:35:37.321,1.71621,1.71661,1.28,1.50
2011.08.29 12:35:37.439,1.71616,1.71661,1.28,1.50
2011.08.29 12:35:37.559,1.71622,1.71661,1.28,1.50
2011.08.29 12:35:37.683,1.71629,1.71679,1.28,1.13
2011.08.29 12:35:37.806,1.71631,1.7168,1.28,1.13
2011.08.29 12:35:37.921,1.71631,1.71685,1.28,1.50
2011.08.29 12:35:38.040,1.71638,1.71686,1.28,1.50
2011.08.29 12:35:38.425,1.71639,1.71693,1.65,1.50
2011.08.29 12:35:38.569,1.71644,1.71694,1.28,1.13
2011.08.29 12:35:38.679,1.71644,1.71694,1.28,1.73
2011.08.29 12:35:38.800,1.71641,1.71694,1.65,1.13
2011.08.29 12:35:40.748,1.71641,1.71694,1.13,2.48
2011.08.29 12:35:42.879,1.7164,1.71694,1.65,2.63
2011.08.29 12:35:42.997,1.7164,1.71694,1.65,3.23
2011.08.29 12:35:43.369,1.7164,1.71694,1.28,3.23
2011.08.29 12:35:43.728,1.7164,1.71694,1.28,1.13
2011.08.29 12:35:43.848,1.71638,1.71694,1.28,2.40
2011.08.29 12:35:44.077,1.71636,1.71692,2.78,1.28
2011.08.29 12:35:45.171,1.71636,1.71691,2.03,2.85
2011.08.29 12:35:45.293,1.71633,1.71689,1.28,1.28
2011.08.29 12:35:45.533,1.71633,1.71689,1.28,1.88
2011.08.29 12:35:46.119,1.71633,1.71689,1.28,1.28
2011.08.29 12:35:46.239,1.71636,1.71694,2.78,1.88
2011.08.29 12:35:46.578,1.71642,1.71697,1.28,2.10
2011.08.29 12:35:46.808,1.71638,1.71696,2.03,2.78
2011.08.29 12:35:49.021,1.71638,1.71696,1.13,3.00
2011.08.29 12:35:52.546,1.71642,1.71696,1.28,1.50
2011.08.29 12:35:52.828,1.71643,1.71697,1.28,2.25
2011.08.29 12:35:53.598,1.71643,1.71696,2.03,2.10
2011.08.29 12:35:53.718,1.71643,1.71696,2.78,1.50
2011.08.29 12:35:54.377,1.71644,1.71697,2.03,1.50
2011.08.29 12:35:54.610,1.71634,1.71696,1.50,2.25
2011.08.29 12:35:54.728,1.7163,1.71688,2.03,1.50
2011.08.29 12:35:55.631,1.71629,1.71687,1.50,1.50
2011.08.29 12:35:56.391,1.7163,1.71688,1.50,1.50
2011.08.29 12:35:58.041,1.71637,1.71697,1.13,1.50
2011.08.29 12:35:58.577,1.71634,1.71693,1.13,1.50
2011.08.29 12:35:59.188,1.71637,1.71696,1.50,1.50
2011.08.29 12:35:59.530,1.71643,1.71701,2.03,1.50
2011.08.29 12:36:00.631,1.71649,1.71709,1.13,1.50
2011.08.29 12:36:00.962,1.71647,1.71704,1.50,1.50
2011.08.29 12:36:01.191,1.71642,1.717,1.13,1.50
2011.08.29 12:36:01.310,1.71642,1.71698,2.40,1.50
2011.08.29 12:36:01.672,1.71639,1.71692,2.03,1.50
2011.08.29 12:36:01.960,1.71639,1.71697,2.03,2.03
2011.08.29 12:36:02.077,1.71639,1.71697,2.03,1.28
2011.08.29 12:36:02.577,1.71639,1.71697,2.03,2.03
2011.08.29 12:36:02.929,1.71639,1.717,2.03,2.03
2011.08.29 12:36:03.148,1.71639,1.71697,2.03,1.28
2011.08.29 12:36:03.480,1.71636,1.71693,2.03,2.78
2011.08.29 12:36:03.948,1.71641,1.71699,1.13,2.03
2011.08.29 12:36:05.849,1.71645,1.717,1.28,2.78
2011.08.29 12:36:06.363,1.71643,1.71698,1.65,1.28
2011.08.29 12:36:06.772,1.71645,1.717,2.03,1.50
2011.08.29 12:36:07.314,1.71645,1.717,1.28,1.50
2011.08.29 12:36:07.859,1.71646,1.71701,1.50,1.28
2011.08.29 12:36:08.707,1.71647,1.717,2.03,1.28
2011.08.29 12:36:09.149,1.71644,1.71697,1.65,1.28
2011.08.29 12:36:09.918,1.71644,1.71699,1.65,2.03
2011.08.29 12:36:10.257,1.71646,1.71701,1.50,1.28
2011.08.29 12:36:11.301,1.71646,1.717,2.78,1.28
2011.08.29 12:36:12.041,1.71646,1.71698,2.78,1.28
2011.08.29 12:36:12.377,1.71655,1.717,1.50,1.28
2011.08.29 12:36:12.499,1.71655,1.71706,1.50,1.28
2011.08.29 12:36:12.619,1.7166,1.71711,1.28,1.28
2011.08.29 12:36:13.178,1.71651,1.71705,3.15,1.28
2011.08.29 12:36:13.509,1.71651,1.71707,3.15,1.28
2011.08.29 12:36:15.190,1.71654,1.71707,1.35,1.28
2011.08.29 12:36:15.532,1.71673,1.71716,2.03,1.50
2011.08.29 12:36:16.334,1.71673,1.71717,2.03,1.50
2011.08.29 12:36:16.628,1.71674,1.7173,1.28,1.28
2011.08.29 12:36:16.968,1.71673,1.71726,2.03,1.28
2011.08.29 12:36:18.149,1.71673,1.71726,2.03,1.88
2011.08.29 12:36:19.984,1.71671,1.71729,2.78,1.28
2011.08.29 12:36:21.558,1.7167,1.71726,1.13,1.28
2011.08.29 12:36:21.680,1.71668,1.71726,1.65,2.03
2011.08.29 12:36:25.567,1.71668,1.71726,1.28,2.03
2011.08.29 12:36:26.628,1.71666,1.71726,1.50,2.03
2011.08.29 12:36:27.836,1.71666,1.71726,1.50,2.63
2011.08.29 12:36:28.567,1.71666,1.71726,1.50,2.03
2011.08.29 12:36:31.316,1.71668,1.71726,1.28,2.03
2011.08.29 12:36:31.969,1.71666,1.71725,2.78,1.28
2011.08.29 12:36:32.198,1.71668,1.71726,1.28,2.03
2011.08.29 12:36:35.117,1.71668,1.71716,1.28,2.10
2011.08.29 12:36:35.260,1.71665,1.7172,1.28,1.50
2011.08.29 12:36:35.382,1.71657,1.71715,1.50,1.28
2011.08.29 12:36:36.359,1.71657,1.71715,1.50,1.28
2011.08.29 12:36:36.790,1.71655,1.71712,2.03,1.50
2011.08.29 12:36:38.486,1.71654,1.71712,1.50,2.78
2011.08.29 12:36:38.823,1.71653,1.71712,2.03,2.78
2011.08.29 12:36:41.688,1.71654,1.71712,1.50,2.78
2011.08.29 12:36:43.341,1.71654,1.7171,1.50,1.35
2011.08.29 12:36:45.377,1.71654,1.71712,1.50,2.78
2011.08.29 12:36:46.030,1.71654,1.71712,1.50,2.78
2011.08.29 12:36:46.585,1.71654,1.7171,1.50,1.50
2011.08.29 12:36:46.989,1.71653,1.7171,2.03,1.50
2011.08.29 12:36:47.237,1.71653,1.7171,2.03,1.13
2011.08.29 12:36:47.469,1.71654,1.7171,1.50,1.13
2011.08.29 12:36:47.586,1.71654,1.7171,2.03,1.13
2011.08.29 12:36:47.807,1.71654,1.7171,2.78,1.13
